%YAML 1.1
%TAG !u! tag:unity3d.com,2011:
--- !u!1 &2657767919343958993
GameObject:
  m_ObjectHideFlags: 0
  m_CorrespondingSourceObject: {fileID: 0}
  m_PrefabInstance: {fileID: 0}
  m_PrefabAsset: {fileID: 0}
  serializedVersion: 6
  m_Component:
  - component: {fileID: 8051448148483462934}
  m_Layer: 0
  m_Name: PREF_Env_Temple
  m_TagString: Untagged
  m_Icon: {fileID: 0}
  m_NavMeshLayer: 0
  m_StaticEditorFlags: 0
  m_IsActive: 1
--- !u!4 &8051448148483462934
Transform:
  m_ObjectHideFlags: 0
  m_CorrespondingSourceObject: {fileID: 0}
  m_PrefabInstance: {fileID: 0}
  m_PrefabAsset: {fileID: 0}
  m_GameObject: {fileID: 2657767919343958993}
  m_LocalRotation: {x: 0, y: 0, z: 0, w: 1}
  m_LocalPosition: {x: 0, y: 0, z: 0}
  m_LocalScale: {x: 1, y: 1, z: 1}
  m_Children:
  - {fileID: 3801612149537670533}
  - {fileID: 2492727737943739214}
  - {fileID: 6773143183108488795}
  - {fileID: 3114975773182112510}
  - {fileID: 5570014797495865596}
  - {fileID: 2886563653639984527}
  - {fileID: 6203022231070138228}
  - {fileID: 2411308208191888494}
  - {fileID: 5789353298392137443}
  - {fileID: 7755516580527841730}
  - {fileID: 472045572129617529}
  - {fileID: 8264197382488648230}
  - {fileID: 3612900183272777855}
  - {fileID: 5520753528202056631}
  - {fileID: 7993031211128120534}
  - {fileID: 6274315032521216140}
  - {fileID: 4135703862611969026}
  - {fileID: 5848216314535299238}
  - {fileID: 5623528935639965160}
  - {fileID: 1313233306474245456}
  - {fileID: 1844281053771273813}
  - {fileID: 6202422644621570162}
  - {fileID: 7235443663743085780}
  - {fileID: 1935957137422571251}
  - {fileID: 2447845175049964610}
  - {fileID: 7368051635232298916}
  m_Father: {fileID: 0}
  m_RootOrder: 0
  m_LocalEulerAnglesHint: {x: 0, y: 0, z: 0}
--- !u!1001 &591693648252419046
PrefabInstance:
  m_ObjectHideFlags: 0
  serializedVersion: 2
  m_Modification:
    m_TransformParent: {fileID: 8051448148483462934}
    m_Modifications:
    - target: {fileID: -4216859302048453862, guid: b2e28d3b324614642babb58ac0d4f980,
        type: 3}
      propertyPath: m_LocalPosition.x
      value: -0
      objectReference: {fileID: 0}
    - target: {fileID: -4216859302048453862, guid: b2e28d3b324614642babb58ac0d4f980,
        type: 3}
      propertyPath: m_LocalPosition.y
      value: 3.973866
      objectReference: {fileID: 0}
    - target: {fileID: -4216859302048453862, guid: b2e28d3b324614642babb58ac0d4f980,
        type: 3}
      propertyPath: m_LocalPosition.z
      value: 9.0096
      objectReference: {fileID: 0}
    - target: {fileID: -4216859302048453862, guid: b2e28d3b324614642babb58ac0d4f980,
        type: 3}
      propertyPath: m_LocalRotation.x
      value: 0
      objectReference: {fileID: 0}
    - target: {fileID: -4216859302048453862, guid: b2e28d3b324614642babb58ac0d4f980,
        type: 3}
      propertyPath: m_LocalRotation.y
      value: 0
      objectReference: {fileID: 0}
    - target: {fileID: -4216859302048453862, guid: b2e28d3b324614642babb58ac0d4f980,
        type: 3}
      propertyPath: m_LocalRotation.z
      value: 1
      objectReference: {fileID: 0}
    - target: {fileID: -4216859302048453862, guid: b2e28d3b324614642babb58ac0d4f980,
        type: 3}
      propertyPath: m_LocalRotation.w
      value: 0
      objectReference: {fileID: 0}
    - target: {fileID: -4216859302048453862, guid: b2e28d3b324614642babb58ac0d4f980,
        type: 3}
      propertyPath: m_RootOrder
      value: 4
      objectReference: {fileID: 0}
    - target: {fileID: -4216859302048453862, guid: b2e28d3b324614642babb58ac0d4f980,
        type: 3}
      propertyPath: m_LocalEulerAnglesHint.x
      value: 0
      objectReference: {fileID: 0}
    - target: {fileID: -4216859302048453862, guid: b2e28d3b324614642babb58ac0d4f980,
        type: 3}
      propertyPath: m_LocalEulerAnglesHint.y
      value: 0
      objectReference: {fileID: 0}
    - target: {fileID: -4216859302048453862, guid: b2e28d3b324614642babb58ac0d4f980,
        type: 3}
      propertyPath: m_LocalEulerAnglesHint.z
      value: 180
      objectReference: {fileID: 0}
    - target: {fileID: -927199367670048503, guid: b2e28d3b324614642babb58ac0d4f980,
        type: 3}
      propertyPath: m_Name
      value: SM_Env_Temple_Roof_A
      objectReference: {fileID: 0}
    m_RemovedComponents: []
  m_SourcePrefab: {fileID: 100100000, guid: b2e28d3b324614642babb58ac0d4f980, type: 3}
--- !u!4 &5570014797495865596 stripped
Transform:
  m_CorrespondingSourceObject: {fileID: -4216859302048453862, guid: b2e28d3b324614642babb58ac0d4f980,
    type: 3}
  m_PrefabInstance: {fileID: 591693648252419046}
  m_PrefabAsset: {fileID: 0}
--- !u!1001 &713570796868368557
PrefabInstance:
  m_ObjectHideFlags: 0
  serializedVersion: 2
  m_Modification:
    m_TransformParent: {fileID: 8051448148483462934}
    m_Modifications:
    - target: {fileID: -4216859302048453862, guid: f678706fa3a512d4cb55555c1bfb48de,
        type: 3}
      propertyPath: m_LocalPosition.x
      value: -2.9520288
      objectReference: {fileID: 0}
    - target: {fileID: -4216859302048453862, guid: f678706fa3a512d4cb55555c1bfb48de,
        type: 3}
      propertyPath: m_LocalPosition.y
      value: 4.359392
      objectReference: {fileID: 0}
    - target: {fileID: -4216859302048453862, guid: f678706fa3a512d4cb55555c1bfb48de,
        type: 3}
      propertyPath: m_LocalPosition.z
      value: 5.924001
      objectReference: {fileID: 0}
    - target: {fileID: -4216859302048453862, guid: f678706fa3a512d4cb55555c1bfb48de,
        type: 3}
      propertyPath: m_LocalRotation.x
      value: 0
      objectReference: {fileID: 0}
    - target: {fileID: -4216859302048453862, guid: f678706fa3a512d4cb55555c1bfb48de,
        type: 3}
      propertyPath: m_LocalRotation.y
      value: -0
      objectReference: {fileID: 0}
    - target: {fileID: -4216859302048453862, guid: f678706fa3a512d4cb55555c1bfb48de,
        type: 3}
      propertyPath: m_LocalRotation.z
      value: -0
      objectReference: {fileID: 0}
    - target: {fileID: -4216859302048453862, guid: f678706fa3a512d4cb55555c1bfb48de,
        type: 3}
      propertyPath: m_LocalRotation.w
      value: 1
      objectReference: {fileID: 0}
    - target: {fileID: -4216859302048453862, guid: f678706fa3a512d4cb55555c1bfb48de,
        type: 3}
      propertyPath: m_RootOrder
      value: 13
      objectReference: {fileID: 0}
    - target: {fileID: -4216859302048453862, guid: f678706fa3a512d4cb55555c1bfb48de,
        type: 3}
      propertyPath: m_LocalEulerAnglesHint.x
      value: 0
      objectReference: {fileID: 0}
    - target: {fileID: -4216859302048453862, guid: f678706fa3a512d4cb55555c1bfb48de,
        type: 3}
      propertyPath: m_LocalEulerAnglesHint.y
      value: 0
      objectReference: {fileID: 0}
    - target: {fileID: -4216859302048453862, guid: f678706fa3a512d4cb55555c1bfb48de,
        type: 3}
      propertyPath: m_LocalEulerAnglesHint.z
      value: 0
      objectReference: {fileID: 0}
    - target: {fileID: -927199367670048503, guid: f678706fa3a512d4cb55555c1bfb48de,
        type: 3}
      propertyPath: m_Name
      value: SM_Env_Temple_Front_B
      objectReference: {fileID: 0}
    m_RemovedComponents: []
  m_SourcePrefab: {fileID: 100100000, guid: f678706fa3a512d4cb55555c1bfb48de, type: 3}
--- !u!4 &5520753528202056631 stripped
Transform:
  m_CorrespondingSourceObject: {fileID: -4216859302048453862, guid: f678706fa3a512d4cb55555c1bfb48de,
    type: 3}
  m_PrefabInstance: {fileID: 713570796868368557}
  m_PrefabAsset: {fileID: 0}
--- !u!1001 &824296218836006642
PrefabInstance:
  m_ObjectHideFlags: 0
  serializedVersion: 2
  m_Modification:
    m_TransformParent: {fileID: 8051448148483462934}
    m_Modifications:
    - target: {fileID: -4216859302048453862, guid: 3ebf6ae5830b92a4c897001b1f988001,
        type: 3}
      propertyPath: m_LocalPosition.x
      value: -0
      objectReference: {fileID: 0}
    - target: {fileID: -4216859302048453862, guid: 3ebf6ae5830b92a4c897001b1f988001,
        type: 3}
      propertyPath: m_LocalPosition.y
      value: 0
      objectReference: {fileID: 0}
    - target: {fileID: -4216859302048453862, guid: 3ebf6ae5830b92a4c897001b1f988001,
        type: 3}
      propertyPath: m_LocalPosition.z
      value: 11
      objectReference: {fileID: 0}
    - target: {fileID: -4216859302048453862, guid: 3ebf6ae5830b92a4c897001b1f988001,
        type: 3}
      propertyPath: m_LocalRotation.x
      value: 0
      objectReference: {fileID: 0}
    - target: {fileID: -4216859302048453862, guid: 3ebf6ae5830b92a4c897001b1f988001,
        type: 3}
      propertyPath: m_LocalRotation.y
      value: -0
      objectReference: {fileID: 0}
    - target: {fileID: -4216859302048453862, guid: 3ebf6ae5830b92a4c897001b1f988001,
        type: 3}
      propertyPath: m_LocalRotation.z
      value: -0
      objectReference: {fileID: 0}
    - target: {fileID: -4216859302048453862, guid: 3ebf6ae5830b92a4c897001b1f988001,
        type: 3}
      propertyPath: m_LocalRotation.w
      value: 1
      objectReference: {fileID: 0}
    - target: {fileID: -4216859302048453862, guid: 3ebf6ae5830b92a4c897001b1f988001,
        type: 3}
      propertyPath: m_RootOrder
      value: 18
      objectReference: {fileID: 0}
    - target: {fileID: -4216859302048453862, guid: 3ebf6ae5830b92a4c897001b1f988001,
        type: 3}
      propertyPath: m_LocalEulerAnglesHint.x
      value: 0
      objectReference: {fileID: 0}
    - target: {fileID: -4216859302048453862, guid: 3ebf6ae5830b92a4c897001b1f988001,
        type: 3}
      propertyPath: m_LocalEulerAnglesHint.y
      value: 0
      objectReference: {fileID: 0}
    - target: {fileID: -4216859302048453862, guid: 3ebf6ae5830b92a4c897001b1f988001,
        type: 3}
      propertyPath: m_LocalEulerAnglesHint.z
      value: 0
      objectReference: {fileID: 0}
    - target: {fileID: -927199367670048503, guid: 3ebf6ae5830b92a4c897001b1f988001,
        type: 3}
      propertyPath: m_Name
      value: SM_Env_Temple_Base_B
      objectReference: {fileID: 0}
    m_RemovedComponents: []
  m_SourcePrefab: {fileID: 100100000, guid: 3ebf6ae5830b92a4c897001b1f988001, type: 3}
--- !u!4 &5623528935639965160 stripped
Transform:
  m_CorrespondingSourceObject: {fileID: -4216859302048453862, guid: 3ebf6ae5830b92a4c897001b1f988001,
    type: 3}
  m_PrefabInstance: {fileID: 824296218836006642}
  m_PrefabAsset: {fileID: 0}
--- !u!1001 &1326429425990613910
PrefabInstance:
  m_ObjectHideFlags: 0
  serializedVersion: 2
  m_Modification:
    m_TransformParent: {fileID: 8051448148483462934}
    m_Modifications:
    - target: {fileID: -4216859302048453862, guid: db873285533ea1d41ba7eee999bd7f29,
        type: 3}
      propertyPath: m_LocalPosition.x
      value: -0
      objectReference: {fileID: 0}
    - target: {fileID: -4216859302048453862, guid: db873285533ea1d41ba7eee999bd7f29,
        type: 3}
      propertyPath: m_LocalPosition.y
      value: 0.41462073
      objectReference: {fileID: 0}
    - target: {fileID: -4216859302048453862, guid: db873285533ea1d41ba7eee999bd7f29,
        type: 3}
      propertyPath: m_LocalPosition.z
      value: 14.78537
      objectReference: {fileID: 0}
    - target: {fileID: -4216859302048453862, guid: db873285533ea1d41ba7eee999bd7f29,
        type: 3}
      propertyPath: m_LocalRotation.x
      value: 0
      objectReference: {fileID: 0}
    - target: {fileID: -4216859302048453862, guid: db873285533ea1d41ba7eee999bd7f29,
        type: 3}
      propertyPath: m_LocalRotation.y
      value: -0
      objectReference: {fileID: 0}
    - target: {fileID: -4216859302048453862, guid: db873285533ea1d41ba7eee999bd7f29,
        type: 3}
      propertyPath: m_LocalRotation.z
      value: -0
      objectReference: {fileID: 0}
    - target: {fileID: -4216859302048453862, guid: db873285533ea1d41ba7eee999bd7f29,
        type: 3}
      propertyPath: m_LocalRotation.w
      value: 1
      objectReference: {fileID: 0}
    - target: {fileID: -4216859302048453862, guid: db873285533ea1d41ba7eee999bd7f29,
        type: 3}
      propertyPath: m_RootOrder
      value: 15
      objectReference: {fileID: 0}
    - target: {fileID: -4216859302048453862, guid: db873285533ea1d41ba7eee999bd7f29,
        type: 3}
      propertyPath: m_LocalEulerAnglesHint.x
      value: 0
      objectReference: {fileID: 0}
    - target: {fileID: -4216859302048453862, guid: db873285533ea1d41ba7eee999bd7f29,
        type: 3}
      propertyPath: m_LocalEulerAnglesHint.y
      value: 0
      objectReference: {fileID: 0}
    - target: {fileID: -4216859302048453862, guid: db873285533ea1d41ba7eee999bd7f29,
        type: 3}
      propertyPath: m_LocalEulerAnglesHint.z
      value: 0
      objectReference: {fileID: 0}
    - target: {fileID: -927199367670048503, guid: db873285533ea1d41ba7eee999bd7f29,
        type: 3}
      propertyPath: m_Name
      value: SM_Env_Temple_Floor_C (1)
      objectReference: {fileID: 0}
    m_RemovedComponents: []
  m_SourcePrefab: {fileID: 100100000, guid: db873285533ea1d41ba7eee999bd7f29, type: 3}
--- !u!4 &6274315032521216140 stripped
Transform:
  m_CorrespondingSourceObject: {fileID: -4216859302048453862, guid: db873285533ea1d41ba7eee999bd7f29,
    type: 3}
  m_PrefabInstance: {fileID: 1326429425990613910}
  m_PrefabAsset: {fileID: 0}
--- !u!1001 &1398889153694292840
PrefabInstance:
  m_ObjectHideFlags: 0
  serializedVersion: 2
  m_Modification:
    m_TransformParent: {fileID: 8051448148483462934}
    m_Modifications:
    - target: {fileID: -4216859302048453862, guid: a8ecdead806995942a608e4d177350cc,
        type: 3}
      propertyPath: m_LocalPosition.x
      value: -0
      objectReference: {fileID: 0}
    - target: {fileID: -4216859302048453862, guid: a8ecdead806995942a608e4d177350cc,
        type: 3}
      propertyPath: m_LocalPosition.y
      value: 4.359391
      objectReference: {fileID: 0}
    - target: {fileID: -4216859302048453862, guid: a8ecdead806995942a608e4d177350cc,
        type: 3}
      propertyPath: m_LocalPosition.z
      value: 5.924001
      objectReference: {fileID: 0}
    - target: {fileID: -4216859302048453862, guid: a8ecdead806995942a608e4d177350cc,
        type: 3}
      propertyPath: m_LocalRotation.x
      value: 0
      objectReference: {fileID: 0}
    - target: {fileID: -4216859302048453862, guid: a8ecdead806995942a608e4d177350cc,
        type: 3}
      propertyPath: m_LocalRotation.y
      value: -0
      objectReference: {fileID: 0}
    - target: {fileID: -4216859302048453862, guid: a8ecdead806995942a608e4d177350cc,
        type: 3}
      propertyPath: m_LocalRotation.z
      value: -0
      objectReference: {fileID: 0}
    - target: {fileID: -4216859302048453862, guid: a8ecdead806995942a608e4d177350cc,
        type: 3}
      propertyPath: m_LocalRotation.w
      value: 1
      objectReference: {fileID: 0}
    - target: {fileID: -4216859302048453862, guid: a8ecdead806995942a608e4d177350cc,
        type: 3}
      propertyPath: m_RootOrder
      value: 21
      objectReference: {fileID: 0}
    - target: {fileID: -4216859302048453862, guid: a8ecdead806995942a608e4d177350cc,
        type: 3}
      propertyPath: m_LocalEulerAnglesHint.x
      value: 0
      objectReference: {fileID: 0}
    - target: {fileID: -4216859302048453862, guid: a8ecdead806995942a608e4d177350cc,
        type: 3}
      propertyPath: m_LocalEulerAnglesHint.y
      value: 0
      objectReference: {fileID: 0}
    - target: {fileID: -4216859302048453862, guid: a8ecdead806995942a608e4d177350cc,
        type: 3}
      propertyPath: m_LocalEulerAnglesHint.z
      value: 0
      objectReference: {fileID: 0}
    - target: {fileID: -4216859302048453862, guid: a8ecdead806995942a608e4d177350cc,
        type: 3}
      propertyPath: m_LocalScale.x
      value: -1
      objectReference: {fileID: 0}
    - target: {fileID: -927199367670048503, guid: a8ecdead806995942a608e4d177350cc,
        type: 3}
      propertyPath: m_Name
      value: SM_Env_Temple_Front_A (1)
      objectReference: {fileID: 0}
    m_RemovedComponents: []
  m_SourcePrefab: {fileID: 100100000, guid: a8ecdead806995942a608e4d177350cc, type: 3}
--- !u!4 &6202422644621570162 stripped
Transform:
  m_CorrespondingSourceObject: {fileID: -4216859302048453862, guid: a8ecdead806995942a608e4d177350cc,
    type: 3}
  m_PrefabInstance: {fileID: 1398889153694292840}
  m_PrefabAsset: {fileID: 0}
--- !u!1001 &1400402966914069614
PrefabInstance:
  m_ObjectHideFlags: 0
  serializedVersion: 2
  m_Modification:
    m_TransformParent: {fileID: 8051448148483462934}
    m_Modifications:
    - target: {fileID: -4216859302048453862, guid: 278308d249c069f40b87a5c5386d0079,
        type: 3}
      propertyPath: m_LocalPosition.x
      value: 0.004
      objectReference: {fileID: 0}
    - target: {fileID: -4216859302048453862, guid: 278308d249c069f40b87a5c5386d0079,
        type: 3}
      propertyPath: m_LocalPosition.y
      value: 3.7829247
      objectReference: {fileID: 0}
    - target: {fileID: -4216859302048453862, guid: 278308d249c069f40b87a5c5386d0079,
        type: 3}
      propertyPath: m_LocalPosition.z
      value: 5.924001
      objectReference: {fileID: 0}
    - target: {fileID: -4216859302048453862, guid: 278308d249c069f40b87a5c5386d0079,
        type: 3}
      propertyPath: m_LocalRotation.x
      value: 0
      objectReference: {fileID: 0}
    - target: {fileID: -4216859302048453862, guid: 278308d249c069f40b87a5c5386d0079,
        type: 3}
      propertyPath: m_LocalRotation.y
      value: -0
      objectReference: {fileID: 0}
    - target: {fileID: -4216859302048453862, guid: 278308d249c069f40b87a5c5386d0079,
        type: 3}
      propertyPath: m_LocalRotation.z
      value: -0
      objectReference: {fileID: 0}
    - target: {fileID: -4216859302048453862, guid: 278308d249c069f40b87a5c5386d0079,
        type: 3}
      propertyPath: m_LocalRotation.w
      value: 1
      objectReference: {fileID: 0}
    - target: {fileID: -4216859302048453862, guid: 278308d249c069f40b87a5c5386d0079,
        type: 3}
      propertyPath: m_RootOrder
      value: 6
      objectReference: {fileID: 0}
    - target: {fileID: -4216859302048453862, guid: 278308d249c069f40b87a5c5386d0079,
        type: 3}
      propertyPath: m_LocalEulerAnglesHint.x
      value: 0
      objectReference: {fileID: 0}
    - target: {fileID: -4216859302048453862, guid: 278308d249c069f40b87a5c5386d0079,
        type: 3}
      propertyPath: m_LocalEulerAnglesHint.y
      value: 0
      objectReference: {fileID: 0}
    - target: {fileID: -4216859302048453862, guid: 278308d249c069f40b87a5c5386d0079,
        type: 3}
      propertyPath: m_LocalEulerAnglesHint.z
      value: 0
      objectReference: {fileID: 0}
    - target: {fileID: -927199367670048503, guid: 278308d249c069f40b87a5c5386d0079,
        type: 3}
      propertyPath: m_Name
      value: SM_Env_Temple_SFront (1)
      objectReference: {fileID: 0}
    m_RemovedComponents: []
  m_SourcePrefab: {fileID: 100100000, guid: 278308d249c069f40b87a5c5386d0079, type: 3}
--- !u!4 &6203022231070138228 stripped
Transform:
  m_CorrespondingSourceObject: {fileID: -4216859302048453862, guid: 278308d249c069f40b87a5c5386d0079,
    type: 3}
  m_PrefabInstance: {fileID: 1400402966914069614}
  m_PrefabAsset: {fileID: 0}
--- !u!1001 &1464722172661261244
PrefabInstance:
  m_ObjectHideFlags: 0
  serializedVersion: 2
  m_Modification:
    m_TransformParent: {fileID: 8051448148483462934}
    m_Modifications:
    - target: {fileID: -4216859302048453862, guid: 645937e2ba3cf6e44a460d0234c2d746,
        type: 3}
      propertyPath: m_LocalPosition.x
      value: -2.1890965
      objectReference: {fileID: 0}
    - target: {fileID: -4216859302048453862, guid: 645937e2ba3cf6e44a460d0234c2d746,
        type: 3}
      propertyPath: m_LocalPosition.y
      value: 0.03198483
      objectReference: {fileID: 0}
    - target: {fileID: -4216859302048453862, guid: 645937e2ba3cf6e44a460d0234c2d746,
        type: 3}
      propertyPath: m_LocalPosition.z
      value: 4.893529
      objectReference: {fileID: 0}
    - target: {fileID: -4216859302048453862, guid: 645937e2ba3cf6e44a460d0234c2d746,
        type: 3}
      propertyPath: m_LocalRotation.x
      value: 0
      objectReference: {fileID: 0}
    - target: {fileID: -4216859302048453862, guid: 645937e2ba3cf6e44a460d0234c2d746,
        type: 3}
      propertyPath: m_LocalRotation.y
      value: -0
      objectReference: {fileID: 0}
    - target: {fileID: -4216859302048453862, guid: 645937e2ba3cf6e44a460d0234c2d746,
        type: 3}
      propertyPath: m_LocalRotation.z
      value: -0
      objectReference: {fileID: 0}
    - target: {fileID: -4216859302048453862, guid: 645937e2ba3cf6e44a460d0234c2d746,
        type: 3}
      propertyPath: m_LocalRotation.w
      value: 1
      objectReference: {fileID: 0}
    - target: {fileID: -4216859302048453862, guid: 645937e2ba3cf6e44a460d0234c2d746,
        type: 3}
      propertyPath: m_RootOrder
      value: 17
      objectReference: {fileID: 0}
    - target: {fileID: -4216859302048453862, guid: 645937e2ba3cf6e44a460d0234c2d746,
        type: 3}
      propertyPath: m_LocalEulerAnglesHint.x
      value: 0
      objectReference: {fileID: 0}
    - target: {fileID: -4216859302048453862, guid: 645937e2ba3cf6e44a460d0234c2d746,
        type: 3}
      propertyPath: m_LocalEulerAnglesHint.y
      value: 0
      objectReference: {fileID: 0}
    - target: {fileID: -4216859302048453862, guid: 645937e2ba3cf6e44a460d0234c2d746,
        type: 3}
      propertyPath: m_LocalEulerAnglesHint.z
      value: 0
      objectReference: {fileID: 0}
    - target: {fileID: -927199367670048503, guid: 645937e2ba3cf6e44a460d0234c2d746,
        type: 3}
      propertyPath: m_Name
      value: SM_Env_Temple_Floor_A (1)
      objectReference: {fileID: 0}
    m_RemovedComponents: []
  m_SourcePrefab: {fileID: 100100000, guid: 645937e2ba3cf6e44a460d0234c2d746, type: 3}
--- !u!4 &5848216314535299238 stripped
Transform:
  m_CorrespondingSourceObject: {fileID: -4216859302048453862, guid: 645937e2ba3cf6e44a460d0234c2d746,
    type: 3}
  m_PrefabInstance: {fileID: 1464722172661261244}
  m_PrefabAsset: {fileID: 0}
--- !u!1001 &1525980200557319673
PrefabInstance:
  m_ObjectHideFlags: 0
  serializedVersion: 2
  m_Modification:
    m_TransformParent: {fileID: 8051448148483462934}
    m_Modifications:
    - target: {fileID: -4216859302048453862, guid: 278308d249c069f40b87a5c5386d0079,
        type: 3}
      propertyPath: m_LocalPosition.x
      value: -9.480946
      objectReference: {fileID: 0}
    - target: {fileID: -4216859302048453862, guid: 278308d249c069f40b87a5c5386d0079,
        type: 3}
      propertyPath: m_LocalPosition.y
      value: 3.7829247
      objectReference: {fileID: 0}
    - target: {fileID: -4216859302048453862, guid: 278308d249c069f40b87a5c5386d0079,
        type: 3}
      propertyPath: m_LocalPosition.z
      value: 5.924001
      objectReference: {fileID: 0}
    - target: {fileID: -4216859302048453862, guid: 278308d249c069f40b87a5c5386d0079,
        type: 3}
      propertyPath: m_LocalRotation.x
      value: 0
      objectReference: {fileID: 0}
    - target: {fileID: -4216859302048453862, guid: 278308d249c069f40b87a5c5386d0079,
        type: 3}
      propertyPath: m_LocalRotation.y
      value: -0
      objectReference: {fileID: 0}
    - target: {fileID: -4216859302048453862, guid: 278308d249c069f40b87a5c5386d0079,
        type: 3}
      propertyPath: m_LocalRotation.z
      value: -0
      objectReference: {fileID: 0}
    - target: {fileID: -4216859302048453862, guid: 278308d249c069f40b87a5c5386d0079,
        type: 3}
      propertyPath: m_LocalRotation.w
      value: 1
      objectReference: {fileID: 0}
    - target: {fileID: -4216859302048453862, guid: 278308d249c069f40b87a5c5386d0079,
        type: 3}
      propertyPath: m_RootOrder
      value: 8
      objectReference: {fileID: 0}
    - target: {fileID: -4216859302048453862, guid: 278308d249c069f40b87a5c5386d0079,
        type: 3}
      propertyPath: m_LocalEulerAnglesHint.x
      value: 0
      objectReference: {fileID: 0}
    - target: {fileID: -4216859302048453862, guid: 278308d249c069f40b87a5c5386d0079,
        type: 3}
      propertyPath: m_LocalEulerAnglesHint.y
      value: 0
      objectReference: {fileID: 0}
    - target: {fileID: -4216859302048453862, guid: 278308d249c069f40b87a5c5386d0079,
        type: 3}
      propertyPath: m_LocalEulerAnglesHint.z
      value: 0
      objectReference: {fileID: 0}
    - target: {fileID: -927199367670048503, guid: 278308d249c069f40b87a5c5386d0079,
        type: 3}
      propertyPath: m_Name
      value: SM_Env_Temple_SFront (3)
      objectReference: {fileID: 0}
    m_RemovedComponents: []
  m_SourcePrefab: {fileID: 100100000, guid: 278308d249c069f40b87a5c5386d0079, type: 3}
--- !u!4 &5789353298392137443 stripped
Transform:
  m_CorrespondingSourceObject: {fileID: -4216859302048453862, guid: 278308d249c069f40b87a5c5386d0079,
    type: 3}
  m_PrefabInstance: {fileID: 1525980200557319673}
  m_PrefabAsset: {fileID: 0}
--- !u!1001 &1767026341260268865
PrefabInstance:
  m_ObjectHideFlags: 0
  serializedVersion: 2
  m_Modification:
    m_TransformParent: {fileID: 8051448148483462934}
    m_Modifications:
    - target: {fileID: -4216859302048453862, guid: 645937e2ba3cf6e44a460d0234c2d746,
        type: 3}
      propertyPath: m_LocalPosition.x
      value: 2.156
      objectReference: {fileID: 0}
    - target: {fileID: -4216859302048453862, guid: 645937e2ba3cf6e44a460d0234c2d746,
        type: 3}
      propertyPath: m_LocalPosition.y
      value: 0.03198483
      objectReference: {fileID: 0}
    - target: {fileID: -4216859302048453862, guid: 645937e2ba3cf6e44a460d0234c2d746,
        type: 3}
      propertyPath: m_LocalPosition.z
      value: 4.893529
      objectReference: {fileID: 0}
    - target: {fileID: -4216859302048453862, guid: 645937e2ba3cf6e44a460d0234c2d746,
        type: 3}
      propertyPath: m_LocalRotation.x
      value: 0
      objectReference: {fileID: 0}
    - target: {fileID: -4216859302048453862, guid: 645937e2ba3cf6e44a460d0234c2d746,
        type: 3}
      propertyPath: m_LocalRotation.y
      value: -0
      objectReference: {fileID: 0}
    - target: {fileID: -4216859302048453862, guid: 645937e2ba3cf6e44a460d0234c2d746,
        type: 3}
      propertyPath: m_LocalRotation.z
      value: -0
      objectReference: {fileID: 0}
    - target: {fileID: -4216859302048453862, guid: 645937e2ba3cf6e44a460d0234c2d746,
        type: 3}
      propertyPath: m_LocalRotation.w
      value: 1
      objectReference: {fileID: 0}
    - target: {fileID: -4216859302048453862, guid: 645937e2ba3cf6e44a460d0234c2d746,
        type: 3}
      propertyPath: m_RootOrder
      value: 2
      objectReference: {fileID: 0}
    - target: {fileID: -4216859302048453862, guid: 645937e2ba3cf6e44a460d0234c2d746,
        type: 3}
      propertyPath: m_LocalEulerAnglesHint.x
      value: 0
      objectReference: {fileID: 0}
    - target: {fileID: -4216859302048453862, guid: 645937e2ba3cf6e44a460d0234c2d746,
        type: 3}
      propertyPath: m_LocalEulerAnglesHint.y
      value: 0
      objectReference: {fileID: 0}
    - target: {fileID: -4216859302048453862, guid: 645937e2ba3cf6e44a460d0234c2d746,
        type: 3}
      propertyPath: m_LocalEulerAnglesHint.z
      value: 0
      objectReference: {fileID: 0}
    - target: {fileID: -4216859302048453862, guid: 645937e2ba3cf6e44a460d0234c2d746,
        type: 3}
      propertyPath: m_LocalScale.x
      value: -1
      objectReference: {fileID: 0}
    - target: {fileID: -927199367670048503, guid: 645937e2ba3cf6e44a460d0234c2d746,
        type: 3}
      propertyPath: m_Name
      value: SM_Env_Temple_Floor_A
      objectReference: {fileID: 0}
    m_RemovedComponents: []
  m_SourcePrefab: {fileID: 100100000, guid: 645937e2ba3cf6e44a460d0234c2d746, type: 3}
--- !u!4 &6773143183108488795 stripped
Transform:
  m_CorrespondingSourceObject: {fileID: -4216859302048453862, guid: 645937e2ba3cf6e44a460d0234c2d746,
    type: 3}
  m_PrefabInstance: {fileID: 1767026341260268865}
  m_PrefabAsset: {fileID: 0}
--- !u!1001 &2383461262384711630
PrefabInstance:
  m_ObjectHideFlags: 0
  serializedVersion: 2
  m_Modification:
    m_TransformParent: {fileID: 8051448148483462934}
    m_Modifications:
    - target: {fileID: -4216859302048453862, guid: f678706fa3a512d4cb55555c1bfb48de,
        type: 3}
      propertyPath: m_LocalPosition.x
      value: 2.92
      objectReference: {fileID: 0}
    - target: {fileID: -4216859302048453862, guid: f678706fa3a512d4cb55555c1bfb48de,
        type: 3}
      propertyPath: m_LocalPosition.y
      value: 4.359392
      objectReference: {fileID: 0}
    - target: {fileID: -4216859302048453862, guid: f678706fa3a512d4cb55555c1bfb48de,
        type: 3}
      propertyPath: m_LocalPosition.z
      value: 5.924001
      objectReference: {fileID: 0}
    - target: {fileID: -4216859302048453862, guid: f678706fa3a512d4cb55555c1bfb48de,
        type: 3}
      propertyPath: m_LocalRotation.x
      value: 0
      objectReference: {fileID: 0}
    - target: {fileID: -4216859302048453862, guid: f678706fa3a512d4cb55555c1bfb48de,
        type: 3}
      propertyPath: m_LocalRotation.y
      value: -0
      objectReference: {fileID: 0}
    - target: {fileID: -4216859302048453862, guid: f678706fa3a512d4cb55555c1bfb48de,
        type: 3}
      propertyPath: m_LocalRotation.z
      value: -0
      objectReference: {fileID: 0}
    - target: {fileID: -4216859302048453862, guid: f678706fa3a512d4cb55555c1bfb48de,
        type: 3}
      propertyPath: m_LocalRotation.w
      value: 1
      objectReference: {fileID: 0}
    - target: {fileID: -4216859302048453862, guid: f678706fa3a512d4cb55555c1bfb48de,
        type: 3}
      propertyPath: m_RootOrder
      value: 22
      objectReference: {fileID: 0}
    - target: {fileID: -4216859302048453862, guid: f678706fa3a512d4cb55555c1bfb48de,
        type: 3}
      propertyPath: m_LocalEulerAnglesHint.x
      value: 0
      objectReference: {fileID: 0}
    - target: {fileID: -4216859302048453862, guid: f678706fa3a512d4cb55555c1bfb48de,
        type: 3}
      propertyPath: m_LocalEulerAnglesHint.y
      value: 0
      objectReference: {fileID: 0}
    - target: {fileID: -4216859302048453862, guid: f678706fa3a512d4cb55555c1bfb48de,
        type: 3}
      propertyPath: m_LocalEulerAnglesHint.z
      value: 0
      objectReference: {fileID: 0}
    - target: {fileID: -4216859302048453862, guid: f678706fa3a512d4cb55555c1bfb48de,
        type: 3}
      propertyPath: m_LocalScale.x
      value: -1
      objectReference: {fileID: 0}
    - target: {fileID: -927199367670048503, guid: f678706fa3a512d4cb55555c1bfb48de,
        type: 3}
      propertyPath: m_Name
      value: SM_Env_Temple_Front_B (1)
      objectReference: {fileID: 0}
    m_RemovedComponents: []
  m_SourcePrefab: {fileID: 100100000, guid: f678706fa3a512d4cb55555c1bfb48de, type: 3}
--- !u!4 &7235443663743085780 stripped
Transform:
  m_CorrespondingSourceObject: {fileID: -4216859302048453862, guid: f678706fa3a512d4cb55555c1bfb48de,
    type: 3}
  m_PrefabInstance: {fileID: 2383461262384711630}
  m_PrefabAsset: {fileID: 0}
--- !u!1001 &2538384367854058686
PrefabInstance:
  m_ObjectHideFlags: 0
  serializedVersion: 2
  m_Modification:
    m_TransformParent: {fileID: 8051448148483462934}
    m_Modifications:
    - target: {fileID: -4216859302048453862, guid: 22fa7d6fd74c9b04ab2df4d2850f4fa8,
        type: 3}
      propertyPath: m_LocalPosition.x
      value: -0
      objectReference: {fileID: 0}
    - target: {fileID: -4216859302048453862, guid: 22fa7d6fd74c9b04ab2df4d2850f4fa8,
        type: 3}
      propertyPath: m_LocalPosition.y
      value: 0
      objectReference: {fileID: 0}
    - target: {fileID: -4216859302048453862, guid: 22fa7d6fd74c9b04ab2df4d2850f4fa8,
        type: 3}
      propertyPath: m_LocalPosition.z
      value: 11
      objectReference: {fileID: 0}
    - target: {fileID: -4216859302048453862, guid: 22fa7d6fd74c9b04ab2df4d2850f4fa8,
        type: 3}
      propertyPath: m_LocalRotation.x
      value: 0
      objectReference: {fileID: 0}
    - target: {fileID: -4216859302048453862, guid: 22fa7d6fd74c9b04ab2df4d2850f4fa8,
        type: 3}
      propertyPath: m_LocalRotation.y
      value: -0
      objectReference: {fileID: 0}
    - target: {fileID: -4216859302048453862, guid: 22fa7d6fd74c9b04ab2df4d2850f4fa8,
        type: 3}
      propertyPath: m_LocalRotation.z
      value: -0
      objectReference: {fileID: 0}
    - target: {fileID: -4216859302048453862, guid: 22fa7d6fd74c9b04ab2df4d2850f4fa8,
        type: 3}
      propertyPath: m_LocalRotation.w
      value: 1
      objectReference: {fileID: 0}
    - target: {fileID: -4216859302048453862, guid: 22fa7d6fd74c9b04ab2df4d2850f4fa8,
        type: 3}
      propertyPath: m_RootOrder
      value: 25
      objectReference: {fileID: 0}
    - target: {fileID: -4216859302048453862, guid: 22fa7d6fd74c9b04ab2df4d2850f4fa8,
        type: 3}
      propertyPath: m_LocalEulerAnglesHint.x
      value: 0
      objectReference: {fileID: 0}
    - target: {fileID: -4216859302048453862, guid: 22fa7d6fd74c9b04ab2df4d2850f4fa8,
        type: 3}
      propertyPath: m_LocalEulerAnglesHint.y
      value: 0
      objectReference: {fileID: 0}
    - target: {fileID: -4216859302048453862, guid: 22fa7d6fd74c9b04ab2df4d2850f4fa8,
        type: 3}
      propertyPath: m_LocalEulerAnglesHint.z
      value: 0
      objectReference: {fileID: 0}
    - target: {fileID: -927199367670048503, guid: 22fa7d6fd74c9b04ab2df4d2850f4fa8,
        type: 3}
      propertyPath: m_Name
      value: SM_Env_Temple_Base_C
      objectReference: {fileID: 0}
    m_RemovedComponents: []
  m_SourcePrefab: {fileID: 100100000, guid: 22fa7d6fd74c9b04ab2df4d2850f4fa8, type: 3}
--- !u!4 &7368051635232298916 stripped
Transform:
  m_CorrespondingSourceObject: {fileID: -4216859302048453862, guid: 22fa7d6fd74c9b04ab2df4d2850f4fa8,
    type: 3}
  m_PrefabInstance: {fileID: 2538384367854058686}
  m_PrefabAsset: {fileID: 0}
--- !u!1001 &3140776160950964172
PrefabInstance:
  m_ObjectHideFlags: 0
  serializedVersion: 2
  m_Modification:
    m_TransformParent: {fileID: 8051448148483462934}
    m_Modifications:
    - target: {fileID: -4216859302048453862, guid: a8ecdead806995942a608e4d177350cc,
        type: 3}
      propertyPath: m_LocalPosition.x
      value: -0
      objectReference: {fileID: 0}
    - target: {fileID: -4216859302048453862, guid: a8ecdead806995942a608e4d177350cc,
        type: 3}
      propertyPath: m_LocalPosition.y
      value: 4.359391
      objectReference: {fileID: 0}
    - target: {fileID: -4216859302048453862, guid: a8ecdead806995942a608e4d177350cc,
        type: 3}
      propertyPath: m_LocalPosition.z
      value: 5.924001
      objectReference: {fileID: 0}
    - target: {fileID: -4216859302048453862, guid: a8ecdead806995942a608e4d177350cc,
        type: 3}
      propertyPath: m_LocalRotation.x
      value: 0
      objectReference: {fileID: 0}
    - target: {fileID: -4216859302048453862, guid: a8ecdead806995942a608e4d177350cc,
        type: 3}
      propertyPath: m_LocalRotation.y
      value: -0
      objectReference: {fileID: 0}
    - target: {fileID: -4216859302048453862, guid: a8ecdead806995942a608e4d177350cc,
        type: 3}
      propertyPath: m_LocalRotation.z
      value: -0
      objectReference: {fileID: 0}
    - target: {fileID: -4216859302048453862, guid: a8ecdead806995942a608e4d177350cc,
        type: 3}
      propertyPath: m_LocalRotation.w
      value: 1
      objectReference: {fileID: 0}
    - target: {fileID: -4216859302048453862, guid: a8ecdead806995942a608e4d177350cc,
        type: 3}
      propertyPath: m_RootOrder
      value: 14
      objectReference: {fileID: 0}
    - target: {fileID: -4216859302048453862, guid: a8ecdead806995942a608e4d177350cc,
        type: 3}
      propertyPath: m_LocalEulerAnglesHint.x
      value: 0
      objectReference: {fileID: 0}
    - target: {fileID: -4216859302048453862, guid: a8ecdead806995942a608e4d177350cc,
        type: 3}
      propertyPath: m_LocalEulerAnglesHint.y
      value: 0
      objectReference: {fileID: 0}
    - target: {fileID: -4216859302048453862, guid: a8ecdead806995942a608e4d177350cc,
        type: 3}
      propertyPath: m_LocalEulerAnglesHint.z
      value: 0
      objectReference: {fileID: 0}
    - target: {fileID: -927199367670048503, guid: a8ecdead806995942a608e4d177350cc,
        type: 3}
      propertyPath: m_Name
      value: SM_Env_Temple_Front_A
      objectReference: {fileID: 0}
    m_RemovedComponents: []
  m_SourcePrefab: {fileID: 100100000, guid: a8ecdead806995942a608e4d177350cc, type: 3}
--- !u!4 &7993031211128120534 stripped
Transform:
  m_CorrespondingSourceObject: {fileID: -4216859302048453862, guid: a8ecdead806995942a608e4d177350cc,
    type: 3}
  m_PrefabInstance: {fileID: 3140776160950964172}
  m_PrefabAsset: {fileID: 0}
--- !u!1001 &3376457220070443736
PrefabInstance:
  m_ObjectHideFlags: 0
  serializedVersion: 2
  m_Modification:
    m_TransformParent: {fileID: 8051448148483462934}
    m_Modifications:
    - target: {fileID: -4216859302048453862, guid: 26f8bad904b56334aa1e3057cc38248c,
        type: 3}
      propertyPath: m_LocalPosition.x
      value: 0
      objectReference: {fileID: 0}
    - target: {fileID: -4216859302048453862, guid: 26f8bad904b56334aa1e3057cc38248c,
        type: 3}
      propertyPath: m_LocalPosition.y
      value: 3.973866
      objectReference: {fileID: 0}
    - target: {fileID: -4216859302048453862, guid: 26f8bad904b56334aa1e3057cc38248c,
        type: 3}
      propertyPath: m_LocalPosition.z
      value: 14.90522
      objectReference: {fileID: 0}
    - target: {fileID: -4216859302048453862, guid: 26f8bad904b56334aa1e3057cc38248c,
        type: 3}
      propertyPath: m_LocalRotation.x
      value: 0
      objectReference: {fileID: 0}
    - target: {fileID: -4216859302048453862, guid: 26f8bad904b56334aa1e3057cc38248c,
        type: 3}
      propertyPath: m_LocalRotation.y
      value: -0
      objectReference: {fileID: 0}
    - target: {fileID: -4216859302048453862, guid: 26f8bad904b56334aa1e3057cc38248c,
        type: 3}
      propertyPath: m_LocalRotation.z
      value: -0
      objectReference: {fileID: 0}
    - target: {fileID: -4216859302048453862, guid: 26f8bad904b56334aa1e3057cc38248c,
        type: 3}
      propertyPath: m_LocalRotation.w
      value: 1
      objectReference: {fileID: 0}
    - target: {fileID: -4216859302048453862, guid: 26f8bad904b56334aa1e3057cc38248c,
        type: 3}
      propertyPath: m_RootOrder
      value: 9
      objectReference: {fileID: 0}
    - target: {fileID: -4216859302048453862, guid: 26f8bad904b56334aa1e3057cc38248c,
        type: 3}
      propertyPath: m_LocalEulerAnglesHint.x
      value: 0
      objectReference: {fileID: 0}
    - target: {fileID: -4216859302048453862, guid: 26f8bad904b56334aa1e3057cc38248c,
        type: 3}
      propertyPath: m_LocalEulerAnglesHint.y
      value: 0
      objectReference: {fileID: 0}
    - target: {fileID: -4216859302048453862, guid: 26f8bad904b56334aa1e3057cc38248c,
        type: 3}
      propertyPath: m_LocalEulerAnglesHint.z
      value: 0
      objectReference: {fileID: 0}
    - target: {fileID: -927199367670048503, guid: 26f8bad904b56334aa1e3057cc38248c,
        type: 3}
      propertyPath: m_Name
      value: SM_Env_Temple_Roof_B (1)
      objectReference: {fileID: 0}
    m_RemovedComponents: []
  m_SourcePrefab: {fileID: 100100000, guid: 26f8bad904b56334aa1e3057cc38248c, type: 3}
--- !u!4 &7755516580527841730 stripped
Transform:
  m_CorrespondingSourceObject: {fileID: -4216859302048453862, guid: 26f8bad904b56334aa1e3057cc38248c,
    type: 3}
  m_PrefabInstance: {fileID: 3376457220070443736}
  m_PrefabAsset: {fileID: 0}
--- !u!1001 &4020280108578980156
PrefabInstance:
  m_ObjectHideFlags: 0
  serializedVersion: 2
  m_Modification:
    m_TransformParent: {fileID: 8051448148483462934}
    m_Modifications:
    - target: {fileID: -4216859302048453862, guid: 2118355dd8af83e4d9f3f3e79e22a7aa,
        type: 3}
      propertyPath: m_LocalPosition.x
      value: -8.707
      objectReference: {fileID: 0}
    - target: {fileID: -4216859302048453862, guid: 2118355dd8af83e4d9f3f3e79e22a7aa,
        type: 3}
      propertyPath: m_LocalPosition.y
      value: 4.238
      objectReference: {fileID: 0}
    - target: {fileID: -4216859302048453862, guid: 2118355dd8af83e4d9f3f3e79e22a7aa,
        type: 3}
      propertyPath: m_LocalPosition.z
      value: 5.924001
      objectReference: {fileID: 0}
    - target: {fileID: -4216859302048453862, guid: 2118355dd8af83e4d9f3f3e79e22a7aa,
        type: 3}
      propertyPath: m_LocalRotation.x
      value: 0
      objectReference: {fileID: 0}
    - target: {fileID: -4216859302048453862, guid: 2118355dd8af83e4d9f3f3e79e22a7aa,
        type: 3}
      propertyPath: m_LocalRotation.y
      value: -0
      objectReference: {fileID: 0}
    - target: {fileID: -4216859302048453862, guid: 2118355dd8af83e4d9f3f3e79e22a7aa,
        type: 3}
      propertyPath: m_LocalRotation.z
      value: -0
      objectReference: {fileID: 0}
    - target: {fileID: -4216859302048453862, guid: 2118355dd8af83e4d9f3f3e79e22a7aa,
        type: 3}
      propertyPath: m_LocalRotation.w
      value: 1
      objectReference: {fileID: 0}
    - target: {fileID: -4216859302048453862, guid: 2118355dd8af83e4d9f3f3e79e22a7aa,
        type: 3}
      propertyPath: m_RootOrder
      value: 11
      objectReference: {fileID: 0}
    - target: {fileID: -4216859302048453862, guid: 2118355dd8af83e4d9f3f3e79e22a7aa,
        type: 3}
      propertyPath: m_LocalEulerAnglesHint.x
      value: 0
      objectReference: {fileID: 0}
    - target: {fileID: -4216859302048453862, guid: 2118355dd8af83e4d9f3f3e79e22a7aa,
        type: 3}
      propertyPath: m_LocalEulerAnglesHint.y
      value: 0
      objectReference: {fileID: 0}
    - target: {fileID: -4216859302048453862, guid: 2118355dd8af83e4d9f3f3e79e22a7aa,
        type: 3}
      propertyPath: m_LocalEulerAnglesHint.z
      value: 0
      objectReference: {fileID: 0}
    - target: {fileID: -927199367670048503, guid: 2118355dd8af83e4d9f3f3e79e22a7aa,
        type: 3}
      propertyPath: m_Name
      value: SM_Env_Temple_Front_D
      objectReference: {fileID: 0}
    m_RemovedComponents: []
  m_SourcePrefab: {fileID: 100100000, guid: 2118355dd8af83e4d9f3f3e79e22a7aa, type: 3}
--- !u!4 &8264197382488648230 stripped
Transform:
  m_CorrespondingSourceObject: {fileID: -4216859302048453862, guid: 2118355dd8af83e4d9f3f3e79e22a7aa,
    type: 3}
  m_PrefabInstance: {fileID: 4020280108578980156}
  m_PrefabAsset: {fileID: 0}
--- !u!1001 &4897592288538877283
PrefabInstance:
  m_ObjectHideFlags: 0
  serializedVersion: 2
  m_Modification:
    m_TransformParent: {fileID: 8051448148483462934}
    m_Modifications:
    - target: {fileID: -4216859302048453862, guid: b2e28d3b324614642babb58ac0d4f980,
        type: 3}
      propertyPath: m_LocalPosition.x
      value: -0
      objectReference: {fileID: 0}
    - target: {fileID: -4216859302048453862, guid: b2e28d3b324614642babb58ac0d4f980,
        type: 3}
      propertyPath: m_LocalPosition.y
      value: 3.973866
      objectReference: {fileID: 0}
    - target: {fileID: -4216859302048453862, guid: b2e28d3b324614642babb58ac0d4f980,
        type: 3}
      propertyPath: m_LocalPosition.z
      value: 9.0096
      objectReference: {fileID: 0}
    - target: {fileID: -4216859302048453862, guid: b2e28d3b324614642babb58ac0d4f980,
        type: 3}
      propertyPath: m_LocalRotation.x
      value: 0
      objectReference: {fileID: 0}
    - target: {fileID: -4216859302048453862, guid: b2e28d3b324614642babb58ac0d4f980,
        type: 3}
      propertyPath: m_LocalRotation.y
      value: -0
      objectReference: {fileID: 0}
    - target: {fileID: -4216859302048453862, guid: b2e28d3b324614642babb58ac0d4f980,
        type: 3}
      propertyPath: m_LocalRotation.z
      value: -0
      objectReference: {fileID: 0}
    - target: {fileID: -4216859302048453862, guid: b2e28d3b324614642babb58ac0d4f980,
        type: 3}
      propertyPath: m_LocalRotation.w
      value: 1
      objectReference: {fileID: 0}
    - target: {fileID: -4216859302048453862, guid: b2e28d3b324614642babb58ac0d4f980,
        type: 3}
      propertyPath: m_RootOrder
      value: 10
      objectReference: {fileID: 0}
    - target: {fileID: -4216859302048453862, guid: b2e28d3b324614642babb58ac0d4f980,
        type: 3}
      propertyPath: m_LocalEulerAnglesHint.x
      value: 0
      objectReference: {fileID: 0}
    - target: {fileID: -4216859302048453862, guid: b2e28d3b324614642babb58ac0d4f980,
        type: 3}
      propertyPath: m_LocalEulerAnglesHint.y
      value: 0
      objectReference: {fileID: 0}
    - target: {fileID: -4216859302048453862, guid: b2e28d3b324614642babb58ac0d4f980,
        type: 3}
      propertyPath: m_LocalEulerAnglesHint.z
      value: 0
      objectReference: {fileID: 0}
    - target: {fileID: -927199367670048503, guid: b2e28d3b324614642babb58ac0d4f980,
        type: 3}
      propertyPath: m_Name
      value: SM_Env_Temple_Roof_A (1)
      objectReference: {fileID: 0}
    m_RemovedComponents: []
  m_SourcePrefab: {fileID: 100100000, guid: b2e28d3b324614642babb58ac0d4f980, type: 3}
--- !u!4 &472045572129617529 stripped
Transform:
  m_CorrespondingSourceObject: {fileID: -4216859302048453862, guid: b2e28d3b324614642babb58ac0d4f980,
    type: 3}
  m_PrefabInstance: {fileID: 4897592288538877283}
  m_PrefabAsset: {fileID: 0}
--- !u!1001 &6287938166267725386
PrefabInstance:
  m_ObjectHideFlags: 0
  serializedVersion: 2
  m_Modification:
    m_TransformParent: {fileID: 8051448148483462934}
    m_Modifications:
    - target: {fileID: -4216859302048453862, guid: 67b60f67f4133964c8a451f9989b9518,
        type: 3}
      propertyPath: m_LocalPosition.x
      value: -0
      objectReference: {fileID: 0}
    - target: {fileID: -4216859302048453862, guid: 67b60f67f4133964c8a451f9989b9518,
        type: 3}
      propertyPath: m_LocalPosition.y
      value: 0
      objectReference: {fileID: 0}
    - target: {fileID: -4216859302048453862, guid: 67b60f67f4133964c8a451f9989b9518,
        type: 3}
      propertyPath: m_LocalPosition.z
      value: 11
      objectReference: {fileID: 0}
    - target: {fileID: -4216859302048453862, guid: 67b60f67f4133964c8a451f9989b9518,
        type: 3}
      propertyPath: m_LocalRotation.x
      value: 0
      objectReference: {fileID: 0}
    - target: {fileID: -4216859302048453862, guid: 67b60f67f4133964c8a451f9989b9518,
        type: 3}
      propertyPath: m_LocalRotation.y
      value: -0
      objectReference: {fileID: 0}
    - target: {fileID: -4216859302048453862, guid: 67b60f67f4133964c8a451f9989b9518,
        type: 3}
      propertyPath: m_LocalRotation.z
      value: -0
      objectReference: {fileID: 0}
    - target: {fileID: -4216859302048453862, guid: 67b60f67f4133964c8a451f9989b9518,
        type: 3}
      propertyPath: m_LocalRotation.w
      value: 1
      objectReference: {fileID: 0}
    - target: {fileID: -4216859302048453862, guid: 67b60f67f4133964c8a451f9989b9518,
        type: 3}
      propertyPath: m_RootOrder
      value: 19
      objectReference: {fileID: 0}
    - target: {fileID: -4216859302048453862, guid: 67b60f67f4133964c8a451f9989b9518,
        type: 3}
      propertyPath: m_LocalEulerAnglesHint.x
      value: 0
      objectReference: {fileID: 0}
    - target: {fileID: -4216859302048453862, guid: 67b60f67f4133964c8a451f9989b9518,
        type: 3}
      propertyPath: m_LocalEulerAnglesHint.y
      value: 0
      objectReference: {fileID: 0}
    - target: {fileID: -4216859302048453862, guid: 67b60f67f4133964c8a451f9989b9518,
        type: 3}
      propertyPath: m_LocalEulerAnglesHint.z
      value: 0
      objectReference: {fileID: 0}
    - target: {fileID: -927199367670048503, guid: 67b60f67f4133964c8a451f9989b9518,
        type: 3}
      propertyPath: m_Name
      value: SM_Env_Temple_Base_A
      objectReference: {fileID: 0}
    m_RemovedComponents: []
  m_SourcePrefab: {fileID: 100100000, guid: 67b60f67f4133964c8a451f9989b9518, type: 3}
--- !u!4 &1313233306474245456 stripped
Transform:
  m_CorrespondingSourceObject: {fileID: -4216859302048453862, guid: 67b60f67f4133964c8a451f9989b9518,
    type: 3}
  m_PrefabInstance: {fileID: 6287938166267725386}
  m_PrefabAsset: {fileID: 0}
--- !u!1001 &6693060526221344079
PrefabInstance:
  m_ObjectHideFlags: 0
  serializedVersion: 2
  m_Modification:
    m_TransformParent: {fileID: 8051448148483462934}
    m_Modifications:
    - target: {fileID: -4216859302048453862, guid: 11467e0b4f1be694090f6b9585776f03,
        type: 3}
      propertyPath: m_LocalPosition.x
      value: -0
      objectReference: {fileID: 0}
    - target: {fileID: -4216859302048453862, guid: 11467e0b4f1be694090f6b9585776f03,
        type: 3}
      propertyPath: m_LocalPosition.y
      value: 0
      objectReference: {fileID: 0}
    - target: {fileID: -4216859302048453862, guid: 11467e0b4f1be694090f6b9585776f03,
        type: 3}
      propertyPath: m_LocalPosition.z
      value: 11
      objectReference: {fileID: 0}
    - target: {fileID: -4216859302048453862, guid: 11467e0b4f1be694090f6b9585776f03,
        type: 3}
      propertyPath: m_LocalRotation.x
      value: 0
      objectReference: {fileID: 0}
    - target: {fileID: -4216859302048453862, guid: 11467e0b4f1be694090f6b9585776f03,
        type: 3}
      propertyPath: m_LocalRotation.y
      value: -0
      objectReference: {fileID: 0}
    - target: {fileID: -4216859302048453862, guid: 11467e0b4f1be694090f6b9585776f03,
        type: 3}
      propertyPath: m_LocalRotation.z
      value: -0
      objectReference: {fileID: 0}
    - target: {fileID: -4216859302048453862, guid: 11467e0b4f1be694090f6b9585776f03,
        type: 3}
      propertyPath: m_LocalRotation.w
      value: 1
      objectReference: {fileID: 0}
    - target: {fileID: -4216859302048453862, guid: 11467e0b4f1be694090f6b9585776f03,
        type: 3}
      propertyPath: m_RootOrder
      value: 20
      objectReference: {fileID: 0}
    - target: {fileID: -4216859302048453862, guid: 11467e0b4f1be694090f6b9585776f03,
        type: 3}
      propertyPath: m_LocalEulerAnglesHint.x
      value: 0
      objectReference: {fileID: 0}
    - target: {fileID: -4216859302048453862, guid: 11467e0b4f1be694090f6b9585776f03,
        type: 3}
      propertyPath: m_LocalEulerAnglesHint.y
      value: 0
      objectReference: {fileID: 0}
    - target: {fileID: -4216859302048453862, guid: 11467e0b4f1be694090f6b9585776f03,
        type: 3}
      propertyPath: m_LocalEulerAnglesHint.z
      value: 0
      objectReference: {fileID: 0}
    - target: {fileID: -1504981713932161579, guid: 11467e0b4f1be694090f6b9585776f03,
        type: 3}
      propertyPath: m_Materials.Array.data[0]
      value: 
      objectReference: {fileID: 2100000, guid: 438649fea30c35b4993408a5e519e406, type: 2}
    - target: {fileID: -927199367670048503, guid: 11467e0b4f1be694090f6b9585776f03,
        type: 3}
      propertyPath: m_Name
      value: SM_Env_Temple_Columns
      objectReference: {fileID: 0}
    m_RemovedComponents: []
  m_SourcePrefab: {fileID: 100100000, guid: 11467e0b4f1be694090f6b9585776f03, type: 3}
--- !u!4 &1844281053771273813 stripped
Transform:
  m_CorrespondingSourceObject: {fileID: -4216859302048453862, guid: 11467e0b4f1be694090f6b9585776f03,
    type: 3}
  m_PrefabInstance: {fileID: 6693060526221344079}
  m_PrefabAsset: {fileID: 0}
--- !u!1001 &6892567970064498153
PrefabInstance:
  m_ObjectHideFlags: 0
  serializedVersion: 2
  m_Modification:
    m_TransformParent: {fileID: 8051448148483462934}
    m_Modifications:
    - target: {fileID: -4216859302048453862, guid: fea3b53a496027043a0d917529533cac,
        type: 3}
      propertyPath: m_LocalPosition.x
      value: 7.87
      objectReference: {fileID: 0}
    - target: {fileID: -4216859302048453862, guid: fea3b53a496027043a0d917529533cac,
        type: 3}
      propertyPath: m_LocalPosition.y
      value: 4.359392
      objectReference: {fileID: 0}
    - target: {fileID: -4216859302048453862, guid: fea3b53a496027043a0d917529533cac,
        type: 3}
      propertyPath: m_LocalPosition.z
      value: 5.924001
      objectReference: {fileID: 0}
    - target: {fileID: -4216859302048453862, guid: fea3b53a496027043a0d917529533cac,
        type: 3}
      propertyPath: m_LocalRotation.x
      value: 0
      objectReference: {fileID: 0}
    - target: {fileID: -4216859302048453862, guid: fea3b53a496027043a0d917529533cac,
        type: 3}
      propertyPath: m_LocalRotation.y
      value: -0
      objectReference: {fileID: 0}
    - target: {fileID: -4216859302048453862, guid: fea3b53a496027043a0d917529533cac,
        type: 3}
      propertyPath: m_LocalRotation.z
      value: -0
      objectReference: {fileID: 0}
    - target: {fileID: -4216859302048453862, guid: fea3b53a496027043a0d917529533cac,
        type: 3}
      propertyPath: m_LocalRotation.w
      value: 1
      objectReference: {fileID: 0}
    - target: {fileID: -4216859302048453862, guid: fea3b53a496027043a0d917529533cac,
        type: 3}
      propertyPath: m_RootOrder
      value: 23
      objectReference: {fileID: 0}
    - target: {fileID: -4216859302048453862, guid: fea3b53a496027043a0d917529533cac,
        type: 3}
      propertyPath: m_LocalEulerAnglesHint.x
      value: 0
      objectReference: {fileID: 0}
    - target: {fileID: -4216859302048453862, guid: fea3b53a496027043a0d917529533cac,
        type: 3}
      propertyPath: m_LocalEulerAnglesHint.y
      value: 0
      objectReference: {fileID: 0}
    - target: {fileID: -4216859302048453862, guid: fea3b53a496027043a0d917529533cac,
        type: 3}
      propertyPath: m_LocalEulerAnglesHint.z
      value: 0
      objectReference: {fileID: 0}
    - target: {fileID: -4216859302048453862, guid: fea3b53a496027043a0d917529533cac,
        type: 3}
      propertyPath: m_LocalScale.x
      value: -1
      objectReference: {fileID: 0}
    - target: {fileID: -927199367670048503, guid: fea3b53a496027043a0d917529533cac,
        type: 3}
      propertyPath: m_Name
      value: SM_Env_Temple_Front_C (1)
      objectReference: {fileID: 0}
    m_RemovedComponents: []
  m_SourcePrefab: {fileID: 100100000, guid: fea3b53a496027043a0d917529533cac, type: 3}
--- !u!4 &1935957137422571251 stripped
Transform:
  m_CorrespondingSourceObject: {fileID: -4216859302048453862, guid: fea3b53a496027043a0d917529533cac,
    type: 3}
  m_PrefabInstance: {fileID: 6892567970064498153}
  m_PrefabAsset: {fileID: 0}
--- !u!1001 &7209142346206377844
PrefabInstance:
  m_ObjectHideFlags: 0
  serializedVersion: 2
  m_Modification:
    m_TransformParent: {fileID: 8051448148483462934}
    m_Modifications:
    - target: {fileID: -4216859302048453862, guid: 278308d249c069f40b87a5c5386d0079,
        type: 3}
      propertyPath: m_LocalPosition.x
      value: -4.734
      objectReference: {fileID: 0}
    - target: {fileID: -4216859302048453862, guid: 278308d249c069f40b87a5c5386d0079,
        type: 3}
      propertyPath: m_LocalPosition.y
      value: 3.7829247
      objectReference: {fileID: 0}
    - target: {fileID: -4216859302048453862, guid: 278308d249c069f40b87a5c5386d0079,
        type: 3}
      propertyPath: m_LocalPosition.z
      value: 5.924001
      objectReference: {fileID: 0}
    - target: {fileID: -4216859302048453862, guid: 278308d249c069f40b87a5c5386d0079,
        type: 3}
      propertyPath: m_LocalRotation.x
      value: 0
      objectReference: {fileID: 0}
    - target: {fileID: -4216859302048453862, guid: 278308d249c069f40b87a5c5386d0079,
        type: 3}
      propertyPath: m_LocalRotation.y
      value: -0
      objectReference: {fileID: 0}
    - target: {fileID: -4216859302048453862, guid: 278308d249c069f40b87a5c5386d0079,
        type: 3}
      propertyPath: m_LocalRotation.z
      value: -0
      objectReference: {fileID: 0}
    - target: {fileID: -4216859302048453862, guid: 278308d249c069f40b87a5c5386d0079,
        type: 3}
      propertyPath: m_LocalRotation.w
      value: 1
      objectReference: {fileID: 0}
    - target: {fileID: -4216859302048453862, guid: 278308d249c069f40b87a5c5386d0079,
        type: 3}
      propertyPath: m_RootOrder
      value: 7
      objectReference: {fileID: 0}
    - target: {fileID: -4216859302048453862, guid: 278308d249c069f40b87a5c5386d0079,
        type: 3}
      propertyPath: m_LocalEulerAnglesHint.x
      value: 0
      objectReference: {fileID: 0}
    - target: {fileID: -4216859302048453862, guid: 278308d249c069f40b87a5c5386d0079,
        type: 3}
      propertyPath: m_LocalEulerAnglesHint.y
      value: 0
      objectReference: {fileID: 0}
    - target: {fileID: -4216859302048453862, guid: 278308d249c069f40b87a5c5386d0079,
        type: 3}
      propertyPath: m_LocalEulerAnglesHint.z
      value: 0
      objectReference: {fileID: 0}
    - target: {fileID: -927199367670048503, guid: 278308d249c069f40b87a5c5386d0079,
        type: 3}
      propertyPath: m_Name
      value: SM_Env_Temple_SFront (2)
      objectReference: {fileID: 0}
    m_RemovedComponents: []
  m_SourcePrefab: {fileID: 100100000, guid: 278308d249c069f40b87a5c5386d0079, type: 3}
--- !u!4 &2411308208191888494 stripped
Transform:
  m_CorrespondingSourceObject: {fileID: -4216859302048453862, guid: 278308d249c069f40b87a5c5386d0079,
    type: 3}
  m_PrefabInstance: {fileID: 7209142346206377844}
  m_PrefabAsset: {fileID: 0}
--- !u!1001 &7242574322325808984
PrefabInstance:
  m_ObjectHideFlags: 0
  serializedVersion: 2
  m_Modification:
    m_TransformParent: {fileID: 8051448148483462934}
    m_Modifications:
    - target: {fileID: -4216859302048453862, guid: 2118355dd8af83e4d9f3f3e79e22a7aa,
        type: 3}
      propertyPath: m_LocalPosition.x
      value: 8.67
      objectReference: {fileID: 0}
    - target: {fileID: -4216859302048453862, guid: 2118355dd8af83e4d9f3f3e79e22a7aa,
        type: 3}
      propertyPath: m_LocalPosition.y
      value: 4.238
      objectReference: {fileID: 0}
    - target: {fileID: -4216859302048453862, guid: 2118355dd8af83e4d9f3f3e79e22a7aa,
        type: 3}
      propertyPath: m_LocalPosition.z
      value: 5.924001
      objectReference: {fileID: 0}
    - target: {fileID: -4216859302048453862, guid: 2118355dd8af83e4d9f3f3e79e22a7aa,
        type: 3}
      propertyPath: m_LocalRotation.x
      value: 0
      objectReference: {fileID: 0}
    - target: {fileID: -4216859302048453862, guid: 2118355dd8af83e4d9f3f3e79e22a7aa,
        type: 3}
      propertyPath: m_LocalRotation.y
      value: -0
      objectReference: {fileID: 0}
    - target: {fileID: -4216859302048453862, guid: 2118355dd8af83e4d9f3f3e79e22a7aa,
        type: 3}
      propertyPath: m_LocalRotation.z
      value: -0
      objectReference: {fileID: 0}
    - target: {fileID: -4216859302048453862, guid: 2118355dd8af83e4d9f3f3e79e22a7aa,
        type: 3}
      propertyPath: m_LocalRotation.w
      value: 1
      objectReference: {fileID: 0}
    - target: {fileID: -4216859302048453862, guid: 2118355dd8af83e4d9f3f3e79e22a7aa,
        type: 3}
      propertyPath: m_RootOrder
      value: 24
      objectReference: {fileID: 0}
    - target: {fileID: -4216859302048453862, guid: 2118355dd8af83e4d9f3f3e79e22a7aa,
        type: 3}
      propertyPath: m_LocalEulerAnglesHint.x
      value: 0
      objectReference: {fileID: 0}
    - target: {fileID: -4216859302048453862, guid: 2118355dd8af83e4d9f3f3e79e22a7aa,
        type: 3}
      propertyPath: m_LocalEulerAnglesHint.y
      value: 0
      objectReference: {fileID: 0}
    - target: {fileID: -4216859302048453862, guid: 2118355dd8af83e4d9f3f3e79e22a7aa,
        type: 3}
      propertyPath: m_LocalEulerAnglesHint.z
      value: 0
      objectReference: {fileID: 0}
    - target: {fileID: -4216859302048453862, guid: 2118355dd8af83e4d9f3f3e79e22a7aa,
        type: 3}
      propertyPath: m_LocalScale.x
      value: -1
      objectReference: {fileID: 0}
    - target: {fileID: -927199367670048503, guid: 2118355dd8af83e4d9f3f3e79e22a7aa,
        type: 3}
      propertyPath: m_Name
      value: SM_Env_Temple_Front_D (1)
      objectReference: {fileID: 0}
    m_RemovedComponents: []
  m_SourcePrefab: {fileID: 100100000, guid: 2118355dd8af83e4d9f3f3e79e22a7aa, type: 3}
--- !u!4 &2447845175049964610 stripped
Transform:
  m_CorrespondingSourceObject: {fileID: -4216859302048453862, guid: 2118355dd8af83e4d9f3f3e79e22a7aa,
    type: 3}
  m_PrefabInstance: {fileID: 7242574322325808984}
  m_PrefabAsset: {fileID: 0}
--- !u!1001 &7488719155739222100
PrefabInstance:
  m_ObjectHideFlags: 0
  serializedVersion: 2
  m_Modification:
    m_TransformParent: {fileID: 8051448148483462934}
    m_Modifications:
    - target: {fileID: -4216859302048453862, guid: dce71b285e4e1114b99341e53977e667,
        type: 3}
      propertyPath: m_LocalPosition.x
      value: 2.165
      objectReference: {fileID: 0}
    - target: {fileID: -4216859302048453862, guid: dce71b285e4e1114b99341e53977e667,
        type: 3}
      propertyPath: m_LocalPosition.y
      value: 0.031984825
      objectReference: {fileID: 0}
    - target: {fileID: -4216859302048453862, guid: dce71b285e4e1114b99341e53977e667,
        type: 3}
      propertyPath: m_LocalPosition.z
      value: 7.92533
      objectReference: {fileID: 0}
    - target: {fileID: -4216859302048453862, guid: dce71b285e4e1114b99341e53977e667,
        type: 3}
      propertyPath: m_LocalRotation.x
      value: 0
      objectReference: {fileID: 0}
    - target: {fileID: -4216859302048453862, guid: dce71b285e4e1114b99341e53977e667,
        type: 3}
      propertyPath: m_LocalRotation.y
      value: -0
      objectReference: {fileID: 0}
    - target: {fileID: -4216859302048453862, guid: dce71b285e4e1114b99341e53977e667,
        type: 3}
      propertyPath: m_LocalRotation.z
      value: -0
      objectReference: {fileID: 0}
    - target: {fileID: -4216859302048453862, guid: dce71b285e4e1114b99341e53977e667,
        type: 3}
      propertyPath: m_LocalRotation.w
      value: 1
      objectReference: {fileID: 0}
    - target: {fileID: -4216859302048453862, guid: dce71b285e4e1114b99341e53977e667,
        type: 3}
      propertyPath: m_RootOrder
      value: 1
      objectReference: {fileID: 0}
    - target: {fileID: -4216859302048453862, guid: dce71b285e4e1114b99341e53977e667,
        type: 3}
      propertyPath: m_LocalEulerAnglesHint.x
      value: 0
      objectReference: {fileID: 0}
    - target: {fileID: -4216859302048453862, guid: dce71b285e4e1114b99341e53977e667,
        type: 3}
      propertyPath: m_LocalEulerAnglesHint.y
      value: 0
      objectReference: {fileID: 0}
    - target: {fileID: -4216859302048453862, guid: dce71b285e4e1114b99341e53977e667,
        type: 3}
      propertyPath: m_LocalEulerAnglesHint.z
      value: 0
      objectReference: {fileID: 0}
    - target: {fileID: -4216859302048453862, guid: dce71b285e4e1114b99341e53977e667,
        type: 3}
      propertyPath: m_LocalScale.x
      value: -1
      objectReference: {fileID: 0}
    - target: {fileID: -927199367670048503, guid: dce71b285e4e1114b99341e53977e667,
        type: 3}
      propertyPath: m_Name
      value: SM_Env_Temple_Floor_B
      objectReference: {fileID: 0}
    m_RemovedComponents: []
  m_SourcePrefab: {fileID: 100100000, guid: dce71b285e4e1114b99341e53977e667, type: 3}
--- !u!4 &2492727737943739214 stripped
Transform:
  m_CorrespondingSourceObject: {fileID: -4216859302048453862, guid: dce71b285e4e1114b99341e53977e667,
    type: 3}
  m_PrefabInstance: {fileID: 7488719155739222100}
  m_PrefabAsset: {fileID: 0}
--- !u!1001 &7887375901675650709
PrefabInstance:
  m_ObjectHideFlags: 0
  serializedVersion: 2
  m_Modification:
    m_TransformParent: {fileID: 8051448148483462934}
    m_Modifications:
    - target: {fileID: -4216859302048453862, guid: 278308d249c069f40b87a5c5386d0079,
        type: 3}
      propertyPath: m_LocalPosition.x
      value: 4.771945
      objectReference: {fileID: 0}
    - target: {fileID: -4216859302048453862, guid: 278308d249c069f40b87a5c5386d0079,
        type: 3}
      propertyPath: m_LocalPosition.y
      value: 3.7829247
      objectReference: {fileID: 0}
    - target: {fileID: -4216859302048453862, guid: 278308d249c069f40b87a5c5386d0079,
        type: 3}
      propertyPath: m_LocalPosition.z
      value: 5.924001
      objectReference: {fileID: 0}
    - target: {fileID: -4216859302048453862, guid: 278308d249c069f40b87a5c5386d0079,
        type: 3}
      propertyPath: m_LocalRotation.x
      value: 0
      objectReference: {fileID: 0}
    - target: {fileID: -4216859302048453862, guid: 278308d249c069f40b87a5c5386d0079,
        type: 3}
      propertyPath: m_LocalRotation.y
      value: -0
      objectReference: {fileID: 0}
    - target: {fileID: -4216859302048453862, guid: 278308d249c069f40b87a5c5386d0079,
        type: 3}
      propertyPath: m_LocalRotation.z
      value: -0
      objectReference: {fileID: 0}
    - target: {fileID: -4216859302048453862, guid: 278308d249c069f40b87a5c5386d0079,
        type: 3}
      propertyPath: m_LocalRotation.w
      value: 1
      objectReference: {fileID: 0}
    - target: {fileID: -4216859302048453862, guid: 278308d249c069f40b87a5c5386d0079,
        type: 3}
      propertyPath: m_RootOrder
      value: 5
      objectReference: {fileID: 0}
    - target: {fileID: -4216859302048453862, guid: 278308d249c069f40b87a5c5386d0079,
        type: 3}
      propertyPath: m_LocalEulerAnglesHint.x
      value: 0
      objectReference: {fileID: 0}
    - target: {fileID: -4216859302048453862, guid: 278308d249c069f40b87a5c5386d0079,
        type: 3}
      propertyPath: m_LocalEulerAnglesHint.y
      value: 0
      objectReference: {fileID: 0}
    - target: {fileID: -4216859302048453862, guid: 278308d249c069f40b87a5c5386d0079,
        type: 3}
      propertyPath: m_LocalEulerAnglesHint.z
      value: 0
      objectReference: {fileID: 0}
    - target: {fileID: -927199367670048503, guid: 278308d249c069f40b87a5c5386d0079,
        type: 3}
      propertyPath: m_Name
      value: SM_Env_Temple_SFront
      objectReference: {fileID: 0}
    m_RemovedComponents: []
  m_SourcePrefab: {fileID: 100100000, guid: 278308d249c069f40b87a5c5386d0079, type: 3}
--- !u!4 &2886563653639984527 stripped
Transform:
  m_CorrespondingSourceObject: {fileID: -4216859302048453862, guid: 278308d249c069f40b87a5c5386d0079,
    type: 3}
  m_PrefabInstance: {fileID: 7887375901675650709}
  m_PrefabAsset: {fileID: 0}
--- !u!1001 &7944395066362960356
PrefabInstance:
  m_ObjectHideFlags: 0
  serializedVersion: 2
  m_Modification:
    m_TransformParent: {fileID: 8051448148483462934}
    m_Modifications:
    - target: {fileID: -4216859302048453862, guid: 26f8bad904b56334aa1e3057cc38248c,
        type: 3}
      propertyPath: m_LocalPosition.x
      value: 0
      objectReference: {fileID: 0}
    - target: {fileID: -4216859302048453862, guid: 26f8bad904b56334aa1e3057cc38248c,
        type: 3}
      propertyPath: m_LocalPosition.y
      value: 3.973866
      objectReference: {fileID: 0}
    - target: {fileID: -4216859302048453862, guid: 26f8bad904b56334aa1e3057cc38248c,
        type: 3}
      propertyPath: m_LocalPosition.z
      value: 14.90522
      objectReference: {fileID: 0}
    - target: {fileID: -4216859302048453862, guid: 26f8bad904b56334aa1e3057cc38248c,
        type: 3}
      propertyPath: m_LocalRotation.x
      value: 0
      objectReference: {fileID: 0}
    - target: {fileID: -4216859302048453862, guid: 26f8bad904b56334aa1e3057cc38248c,
        type: 3}
      propertyPath: m_LocalRotation.y
      value: 0
      objectReference: {fileID: 0}
    - target: {fileID: -4216859302048453862, guid: 26f8bad904b56334aa1e3057cc38248c,
        type: 3}
      propertyPath: m_LocalRotation.z
      value: 1
      objectReference: {fileID: 0}
    - target: {fileID: -4216859302048453862, guid: 26f8bad904b56334aa1e3057cc38248c,
        type: 3}
      propertyPath: m_LocalRotation.w
      value: 0
      objectReference: {fileID: 0}
    - target: {fileID: -4216859302048453862, guid: 26f8bad904b56334aa1e3057cc38248c,
        type: 3}
      propertyPath: m_RootOrder
      value: 3
      objectReference: {fileID: 0}
    - target: {fileID: -4216859302048453862, guid: 26f8bad904b56334aa1e3057cc38248c,
        type: 3}
      propertyPath: m_LocalEulerAnglesHint.x
      value: 0
      objectReference: {fileID: 0}
    - target: {fileID: -4216859302048453862, guid: 26f8bad904b56334aa1e3057cc38248c,
        type: 3}
      propertyPath: m_LocalEulerAnglesHint.y
      value: 0
      objectReference: {fileID: 0}
    - target: {fileID: -4216859302048453862, guid: 26f8bad904b56334aa1e3057cc38248c,
        type: 3}
      propertyPath: m_LocalEulerAnglesHint.z
      value: 180
      objectReference: {fileID: 0}
    - target: {fileID: -927199367670048503, guid: 26f8bad904b56334aa1e3057cc38248c,
        type: 3}
      propertyPath: m_Name
      value: SM_Env_Temple_Roof_B
      objectReference: {fileID: 0}
    m_RemovedComponents: []
  m_SourcePrefab: {fileID: 100100000, guid: 26f8bad904b56334aa1e3057cc38248c, type: 3}
--- !u!4 &3114975773182112510 stripped
Transform:
  m_CorrespondingSourceObject: {fileID: -4216859302048453862, guid: 26f8bad904b56334aa1e3057cc38248c,
    type: 3}
  m_PrefabInstance: {fileID: 7944395066362960356}
  m_PrefabAsset: {fileID: 0}
--- !u!1001 &8194509344886828703
PrefabInstance:
  m_ObjectHideFlags: 0
  serializedVersion: 2
  m_Modification:
    m_TransformParent: {fileID: 8051448148483462934}
    m_Modifications:
    - target: {fileID: -4216859302048453862, guid: db873285533ea1d41ba7eee999bd7f29,
        type: 3}
      propertyPath: m_LocalPosition.x
      value: -0
      objectReference: {fileID: 0}
    - target: {fileID: -4216859302048453862, guid: db873285533ea1d41ba7eee999bd7f29,
        type: 3}
      propertyPath: m_LocalPosition.y
      value: 0.41462073
      objectReference: {fileID: 0}
    - target: {fileID: -4216859302048453862, guid: db873285533ea1d41ba7eee999bd7f29,
        type: 3}
      propertyPath: m_LocalPosition.z
      value: 14.78537
      objectReference: {fileID: 0}
    - target: {fileID: -4216859302048453862, guid: db873285533ea1d41ba7eee999bd7f29,
        type: 3}
      propertyPath: m_LocalRotation.x
      value: 0
      objectReference: {fileID: 0}
    - target: {fileID: -4216859302048453862, guid: db873285533ea1d41ba7eee999bd7f29,
        type: 3}
      propertyPath: m_LocalRotation.y
      value: 0
      objectReference: {fileID: 0}
    - target: {fileID: -4216859302048453862, guid: db873285533ea1d41ba7eee999bd7f29,
        type: 3}
      propertyPath: m_LocalRotation.z
      value: 1
      objectReference: {fileID: 0}
    - target: {fileID: -4216859302048453862, guid: db873285533ea1d41ba7eee999bd7f29,
        type: 3}
      propertyPath: m_LocalRotation.w
      value: 0
      objectReference: {fileID: 0}
    - target: {fileID: -4216859302048453862, guid: db873285533ea1d41ba7eee999bd7f29,
        type: 3}
      propertyPath: m_RootOrder
      value: 0
      objectReference: {fileID: 0}
    - target: {fileID: -4216859302048453862, guid: db873285533ea1d41ba7eee999bd7f29,
        type: 3}
      propertyPath: m_LocalEulerAnglesHint.x
      value: 0
      objectReference: {fileID: 0}
    - target: {fileID: -4216859302048453862, guid: db873285533ea1d41ba7eee999bd7f29,
        type: 3}
      propertyPath: m_LocalEulerAnglesHint.y
      value: 0
      objectReference: {fileID: 0}
    - target: {fileID: -4216859302048453862, guid: db873285533ea1d41ba7eee999bd7f29,
        type: 3}
      propertyPath: m_LocalEulerAnglesHint.z
      value: 180
      objectReference: {fileID: 0}
    - target: {fileID: -927199367670048503, guid: db873285533ea1d41ba7eee999bd7f29,
        type: 3}
      propertyPath: m_Name
      value: SM_Env_Temple_Floor_C
      objectReference: {fileID: 0}
    m_RemovedComponents: []
  m_SourcePrefab: {fileID: 100100000, guid: db873285533ea1d41ba7eee999bd7f29, type: 3}
--- !u!4 &3801612149537670533 stripped
Transform:
  m_CorrespondingSourceObject: {fileID: -4216859302048453862, guid: db873285533ea1d41ba7eee999bd7f29,
    type: 3}
  m_PrefabInstance: {fileID: 8194509344886828703}
  m_PrefabAsset: {fileID: 0}
--- !u!1001 &8599954843604566885
PrefabInstance:
  m_ObjectHideFlags: 0
  serializedVersion: 2
  m_Modification:
    m_TransformParent: {fileID: 8051448148483462934}
    m_Modifications:
    - target: {fileID: -4216859302048453862, guid: fea3b53a496027043a0d917529533cac,
        type: 3}
      propertyPath: m_LocalPosition.x
      value: -7.903987
      objectReference: {fileID: 0}
    - target: {fileID: -4216859302048453862, guid: fea3b53a496027043a0d917529533cac,
        type: 3}
      propertyPath: m_LocalPosition.y
      value: 4.359392
      objectReference: {fileID: 0}
    - target: {fileID: -4216859302048453862, guid: fea3b53a496027043a0d917529533cac,
        type: 3}
      propertyPath: m_LocalPosition.z
      value: 5.924001
      objectReference: {fileID: 0}
    - target: {fileID: -4216859302048453862, guid: fea3b53a496027043a0d917529533cac,
        type: 3}
      propertyPath: m_LocalRotation.x
      value: 0
      objectReference: {fileID: 0}
    - target: {fileID: -4216859302048453862, guid: fea3b53a496027043a0d917529533cac,
        type: 3}
      propertyPath: m_LocalRotation.y
      value: -0
      objectReference: {fileID: 0}
    - target: {fileID: -4216859302048453862, guid: fea3b53a496027043a0d917529533cac,
        type: 3}
      propertyPath: m_LocalRotation.z
      value: -0
      objectReference: {fileID: 0}
    - target: {fileID: -4216859302048453862, guid: fea3b53a496027043a0d917529533cac,
        type: 3}
      propertyPath: m_LocalRotation.w
      value: 1
      objectReference: {fileID: 0}
    - target: {fileID: -4216859302048453862, guid: fea3b53a496027043a0d917529533cac,
        type: 3}
      propertyPath: m_RootOrder
      value: 12
      objectReference: {fileID: 0}
    - target: {fileID: -4216859302048453862, guid: fea3b53a496027043a0d917529533cac,
        type: 3}
      propertyPath: m_LocalEulerAnglesHint.x
      value: 0
      objectReference: {fileID: 0}
    - target: {fileID: -4216859302048453862, guid: fea3b53a496027043a0d917529533cac,
        type: 3}
      propertyPath: m_LocalEulerAnglesHint.y
      value: 0
      objectReference: {fileID: 0}
    - target: {fileID: -4216859302048453862, guid: fea3b53a496027043a0d917529533cac,
        type: 3}
      propertyPath: m_LocalEulerAnglesHint.z
      value: 0
      objectReference: {fileID: 0}
    - target: {fileID: -927199367670048503, guid: fea3b53a496027043a0d917529533cac,
        type: 3}
      propertyPath: m_Name
      value: SM_Env_Temple_Front_C
      objectReference: {fileID: 0}
    m_RemovedComponents: []
  m_SourcePrefab: {fileID: 100100000, guid: fea3b53a496027043a0d917529533cac, type: 3}
--- !u!4 &3612900183272777855 stripped
Transform:
  m_CorrespondingSourceObject: {fileID: -4216859302048453862, guid: fea3b53a496027043a0d917529533cac,
    type: 3}
  m_PrefabInstance: {fileID: 8599954843604566885}
  m_PrefabAsset: {fileID: 0}
--- !u!1001 &8943669536417853208
PrefabInstance:
  m_ObjectHideFlags: 0
  serializedVersion: 2
  m_Modification:
    m_TransformParent: {fileID: 8051448148483462934}
    m_Modifications:
    - target: {fileID: -4216859302048453862, guid: dce71b285e4e1114b99341e53977e667,
        type: 3}
      propertyPath: m_LocalPosition.x
      value: -2.2112608
      objectReference: {fileID: 0}
    - target: {fileID: -4216859302048453862, guid: dce71b285e4e1114b99341e53977e667,
        type: 3}
      propertyPath: m_LocalPosition.y
      value: 0.031984825
      objectReference: {fileID: 0}
    - target: {fileID: -4216859302048453862, guid: dce71b285e4e1114b99341e53977e667,
        type: 3}
      propertyPath: m_LocalPosition.z
      value: 7.92533
      objectReference: {fileID: 0}
    - target: {fileID: -4216859302048453862, guid: dce71b285e4e1114b99341e53977e667,
        type: 3}
      propertyPath: m_LocalRotation.x
      value: 0
      objectReference: {fileID: 0}
    - target: {fileID: -4216859302048453862, guid: dce71b285e4e1114b99341e53977e667,
        type: 3}
      propertyPath: m_LocalRotation.y
      value: -0
      objectReference: {fileID: 0}
    - target: {fileID: -4216859302048453862, guid: dce71b285e4e1114b99341e53977e667,
        type: 3}
      propertyPath: m_LocalRotation.z
      value: -0
      objectReference: {fileID: 0}
    - target: {fileID: -4216859302048453862, guid: dce71b285e4e1114b99341e53977e667,
        type: 3}
      propertyPath: m_LocalRotation.w
      value: 1
      objectReference: {fileID: 0}
    - target: {fileID: -4216859302048453862, guid: dce71b285e4e1114b99341e53977e667,
        type: 3}
      propertyPath: m_RootOrder
      value: 16
      objectReference: {fileID: 0}
    - target: {fileID: -4216859302048453862, guid: dce71b285e4e1114b99341e53977e667,
        type: 3}
      propertyPath: m_LocalEulerAnglesHint.x
      value: 0
      objectReference: {fileID: 0}
    - target: {fileID: -4216859302048453862, guid: dce71b285e4e1114b99341e53977e667,
        type: 3}
      propertyPath: m_LocalEulerAnglesHint.y
      value: 0
      objectReference: {fileID: 0}
    - target: {fileID: -4216859302048453862, guid: dce71b285e4e1114b99341e53977e667,
        type: 3}
      propertyPath: m_LocalEulerAnglesHint.z
      value: 0
      objectReference: {fileID: 0}
    - target: {fileID: -927199367670048503, guid: dce71b285e4e1114b99341e53977e667,
        type: 3}
      propertyPath: m_Name
      value: SM_Env_Temple_Floor_B (1)
      objectReference: {fileID: 0}
    m_RemovedComponents: []
  m_SourcePrefab: {fileID: 100100000, guid: dce71b285e4e1114b99341e53977e667, type: 3}
--- !u!4 &4135703862611969026 stripped
Transform:
  m_CorrespondingSourceObject: {fileID: -4216859302048453862, guid: dce71b285e4e1114b99341e53977e667,
    type: 3}
  m_PrefabInstance: {fileID: 8943669536417853208}
  m_PrefabAsset: {fileID: 0}
