%YAML 1.1
%TAG !u! tag:unity3d.com,2011:
--- !u!1 &914848374339069852
GameObject:
  m_ObjectHideFlags: 0
  m_CorrespondingSourceObject: {fileID: 0}
  m_PrefabInstance: {fileID: 0}
  m_PrefabAsset: {fileID: 0}
  serializedVersion: 6
  m_Component:
  - component: {fileID: 509146092706487023}
  - component: {fileID: 1059447923773764436}
  - component: {fileID: 4655430956857407545}
  m_Layer: 5
  m_Name: CostText
  m_TagString: Untagged
  m_Icon: {fileID: 0}
  m_NavMeshLayer: 0
  m_StaticEditorFlags: 0
  m_IsActive: 0
--- !u!224 &509146092706487023
RectTransform:
  m_ObjectHideFlags: 0
  m_CorrespondingSourceObject: {fileID: 0}
  m_PrefabInstance: {fileID: 0}
  m_PrefabAsset: {fileID: 0}
  m_GameObject: {fileID: 914848374339069852}
  m_LocalRotation: {x: 0, y: 0, z: 0, w: 1}
  m_LocalPosition: {x: 0, y: 0, z: 0}
  m_LocalScale: {x: 1, y: 1, z: 1}
  m_Children: []
  m_Father: {fileID: 10146549826938848}
  m_RootOrder: 0
  m_LocalEulerAnglesHint: {x: 0, y: 0, z: 0}
  m_AnchorMin: {x: 0, y: 1}
  m_AnchorMax: {x: 1, y: 1}
  m_AnchoredPosition: {x: 0, y: 22}
  m_SizeDelta: {x: 200, y: 50}
  m_Pivot: {x: 0.5, y: 1}
--- !u!222 &1059447923773764436
CanvasRenderer:
  m_ObjectHideFlags: 0
  m_CorrespondingSourceObject: {fileID: 0}
  m_PrefabInstance: {fileID: 0}
  m_PrefabAsset: {fileID: 0}
  m_GameObject: {fileID: 914848374339069852}
  m_CullTransparentMesh: 0
--- !u!114 &4655430956857407545
MonoBehaviour:
  m_ObjectHideFlags: 0
  m_CorrespondingSourceObject: {fileID: 0}
  m_PrefabInstance: {fileID: 0}
  m_PrefabAsset: {fileID: 0}
  m_GameObject: {fileID: 914848374339069852}
  m_Enabled: 1
  m_EditorHideFlags: 0
  m_Script: {fileID: 11500000, guid: f4688fdb7df04437aeb418b961361dc5, type: 3}
  m_Name: 
  m_EditorClassIdentifier: 
  m_Material: {fileID: 0}
  m_Color: {r: 1, g: 1, b: 1, a: 1}
  m_RaycastTarget: 1
  m_Maskable: 1
  m_OnCullStateChanged:
    m_PersistentCalls:
      m_Calls: []
  m_text: 
  m_isRightToLeft: 0
  m_fontAsset: {fileID: 11400000, guid: 8f586378b4e144a9851e7b34d9b748ee, type: 2}
  m_sharedMaterial: {fileID: 2180264, guid: 8f586378b4e144a9851e7b34d9b748ee, type: 2}
  m_fontSharedMaterials: []
  m_fontMaterial: {fileID: 0}
  m_fontMaterials: []
  m_fontColor32:
    serializedVersion: 2
    rgba: 4294967295
  m_fontColor: {r: 1, g: 1, b: 1, a: 1}
  m_enableVertexGradient: 0
  m_colorMode: 3
  m_fontColorGradient:
    topLeft: {r: 1, g: 1, b: 1, a: 1}
    topRight: {r: 1, g: 1, b: 1, a: 1}
    bottomLeft: {r: 1, g: 1, b: 1, a: 1}
    bottomRight: {r: 1, g: 1, b: 1, a: 1}
  m_fontColorGradientPreset: {fileID: 0}
  m_spriteAsset: {fileID: 0}
  m_tintAllSprites: 0
  m_overrideHtmlColors: 0
  m_faceColor:
    serializedVersion: 2
    rgba: 4294967295
  m_outlineColor:
    serializedVersion: 2
    rgba: 4278190080
  m_fontSize: 36
  m_fontSizeBase: 36
  m_fontWeight: 400
  m_enableAutoSizing: 1
  m_fontSizeMin: 1
  m_fontSizeMax: 300
  m_fontStyle: 0
  m_textAlignment: 514
  m_characterSpacing: 0
  m_wordSpacing: 0
  m_lineSpacing: 0
  m_lineSpacingMax: 0
  m_paragraphSpacing: 0
  m_charWidthMaxAdj: 0
  m_enableWordWrapping: 1
  m_wordWrappingRatios: 0.4
  m_overflowMode: 0
  m_firstOverflowCharacterIndex: -1
  m_linkedTextComponent: {fileID: 0}
  m_isLinkedTextComponent: 0
  m_isTextTruncated: 0
  m_enableKerning: 1
  m_enableExtraPadding: 0
  checkPaddingRequired: 0
  m_isRichText: 1
  m_parseCtrlCharacters: 1
  m_isOrthographic: 1
  m_isCullingEnabled: 0
  m_ignoreRectMaskCulling: 0
  m_ignoreCulling: 1
  m_horizontalMapping: 0
  m_verticalMapping: 0
  m_uvLineOffset: 0
  m_geometrySortingOrder: 0
  m_VertexBufferAutoSizeReduction: 1
  m_firstVisibleCharacter: 0
  m_useMaxVisibleDescender: 1
  m_pageToDisplay: 1
  m_margin: {x: 0, y: 0, z: 0, w: 0}
  m_textInfo:
    textComponent: {fileID: 4655430956857407545}
    characterCount: 0
    spriteCount: 0
    spaceCount: 0
    wordCount: 0
    linkCount: 0
    lineCount: 0
    pageCount: 0
    materialCount: 1
  m_isUsingLegacyAnimationComponent: 0
  m_isVolumetricText: 0
  m_spriteAnimator: {fileID: 0}
  m_hasFontAssetChanged: 0
  m_subTextObjects:
  - {fileID: 0}
  - {fileID: 0}
  - {fileID: 0}
  - {fileID: 0}
  - {fileID: 0}
  - {fileID: 0}
  - {fileID: 0}
  - {fileID: 0}
  m_baseMaterial: {fileID: 0}
  m_maskOffset: {x: 0, y: 0, z: 0, w: 0}
--- !u!1 &1680687056558445410
GameObject:
  m_ObjectHideFlags: 0
  m_CorrespondingSourceObject: {fileID: 0}
  m_PrefabInstance: {fileID: 0}
  m_PrefabAsset: {fileID: 0}
  serializedVersion: 6
  m_Component:
  - component: {fileID: 10146549826938848}
  - component: {fileID: 7325727358419223324}
  - component: {fileID: 2195080710484372764}
  m_Layer: 5
  m_Name: PREF_UI_View_ShopEntry
  m_TagString: Untagged
  m_Icon: {fileID: 0}
  m_NavMeshLayer: 0
  m_StaticEditorFlags: 0
  m_IsActive: 1
--- !u!224 &10146549826938848
RectTransform:
  m_ObjectHideFlags: 0
  m_CorrespondingSourceObject: {fileID: 0}
  m_PrefabInstance: {fileID: 0}
  m_PrefabAsset: {fileID: 0}
  m_GameObject: {fileID: 1680687056558445410}
  m_LocalRotation: {x: 0, y: 0, z: 0, w: 1}
  m_LocalPosition: {x: 0, y: 0, z: 0}
  m_LocalScale: {x: 1, y: 1, z: 1}
  m_Children:
  - {fileID: 509146092706487023}
  - {fileID: 7885763812776899999}
  - {fileID: 1441233694786613558}
  - {fileID: 5228492834528676310}
  - {fileID: 3570798905007587361}
  m_Father: {fileID: 0}
  m_RootOrder: 0
  m_LocalEulerAnglesHint: {x: 0, y: 0, z: 0}
  m_AnchorMin: {x: 0.5, y: 0.5}
  m_AnchorMax: {x: 0.5, y: 0.5}
  m_AnchoredPosition: {x: 0, y: 0}
  m_SizeDelta: {x: 200, y: 72}
  m_Pivot: {x: 0.5, y: 0.5}
--- !u!114 &7325727358419223324
MonoBehaviour:
  m_ObjectHideFlags: 0
  m_CorrespondingSourceObject: {fileID: 0}
  m_PrefabInstance: {fileID: 0}
  m_PrefabAsset: {fileID: 0}
  m_GameObject: {fileID: 1680687056558445410}
  m_Enabled: 1
  m_EditorHideFlags: 0
  m_Script: {fileID: 11500000, guid: 728327021d8ea1441af72ba17cf0ab9b, type: 3}
  m_Name: 
  m_EditorClassIdentifier: 
--- !u!114 &2195080710484372764
MonoBehaviour:
  m_ObjectHideFlags: 0
  m_CorrespondingSourceObject: {fileID: 0}
  m_PrefabInstance: {fileID: 0}
  m_PrefabAsset: {fileID: 0}
  m_GameObject: {fileID: 1680687056558445410}
  m_Enabled: 1
  m_EditorHideFlags: 0
  m_Script: {fileID: 11500000, guid: f89f7f97efc467a418cf11cc9c80a2f8, type: 3}
  m_Name: 
  m_EditorClassIdentifier: 
  m_ShopCostText: {fileID: 4655430956857407545}
  m_PopupText: {fileID: 4239248599349532653}
  m_PreviewCard: {fileID: 1441233694786613553}
  m_PreviewSentinel: {fileID: 6708766252908124307}
  m_PotionPreview: {fileID: 196850140188278904}
--- !u!1001 &1011593038971171910
PrefabInstance:
  m_ObjectHideFlags: 0
  serializedVersion: 2
  m_Modification:
    m_TransformParent: {fileID: 10146549826938848}
    m_Modifications:
    - target: {fileID: 447896038906013578, guid: 834733676ff4e8448af825857faa1de4,
        type: 3}
      propertyPath: m_AnchorMax.x
      value: 1
      objectReference: {fileID: 0}
    - target: {fileID: 447896038906013578, guid: 834733676ff4e8448af825857faa1de4,
        type: 3}
      propertyPath: m_AnchorMax.y
      value: 1
      objectReference: {fileID: 0}
    - target: {fileID: 447896038906013578, guid: 834733676ff4e8448af825857faa1de4,
        type: 3}
      propertyPath: m_SizeDelta.x
      value: 0
      objectReference: {fileID: 0}
    - target: {fileID: 447896038906013578, guid: 834733676ff4e8448af825857faa1de4,
        type: 3}
      propertyPath: m_SizeDelta.y
      value: 0
      objectReference: {fileID: 0}
    - target: {fileID: 447896038906013578, guid: 834733676ff4e8448af825857faa1de4,
        type: 3}
      propertyPath: m_AnchoredPosition.x
      value: 0
      objectReference: {fileID: 0}
    - target: {fileID: 447896038906013578, guid: 834733676ff4e8448af825857faa1de4,
        type: 3}
      propertyPath: m_AnchoredPosition.y
      value: 0
      objectReference: {fileID: 0}
    - target: {fileID: 2662273113337997262, guid: 834733676ff4e8448af825857faa1de4,
        type: 3}
      propertyPath: m_AnchorMax.x
      value: 1
      objectReference: {fileID: 0}
    - target: {fileID: 2662273113337997262, guid: 834733676ff4e8448af825857faa1de4,
        type: 3}
      propertyPath: m_AnchorMax.y
      value: 1
      objectReference: {fileID: 0}
    - target: {fileID: 2662273113337997262, guid: 834733676ff4e8448af825857faa1de4,
        type: 3}
      propertyPath: m_AnchoredPosition.x
      value: 0
      objectReference: {fileID: 0}
    - target: {fileID: 2662273113337997262, guid: 834733676ff4e8448af825857faa1de4,
        type: 3}
      propertyPath: m_SizeDelta.x
      value: 0
      objectReference: {fileID: 0}
    - target: {fileID: 2662273113337997262, guid: 834733676ff4e8448af825857faa1de4,
        type: 3}
      propertyPath: m_SizeDelta.y
      value: 0
      objectReference: {fileID: 0}
    - target: {fileID: 2662273113337997262, guid: 834733676ff4e8448af825857faa1de4,
        type: 3}
      propertyPath: m_AnchoredPosition.y
      value: 0
      objectReference: {fileID: 0}
    - target: {fileID: 2827159284805766336, guid: 834733676ff4e8448af825857faa1de4,
        type: 3}
      propertyPath: m_OnClick.m_PersistentCalls.m_Calls.Array.data[0].m_Target
      value: 
      objectReference: {fileID: 2195080710484372764}
    - target: {fileID: 2827159284805766336, guid: 834733676ff4e8448af825857faa1de4,
        type: 3}
      propertyPath: m_OnClick.m_PersistentCalls.m_Calls.Array.data[0].m_MethodName
      value: OnClick
      objectReference: {fileID: 0}
    - target: {fileID: 2827159284805766336, guid: 834733676ff4e8448af825857faa1de4,
        type: 3}
      propertyPath: m_OnClick.m_PersistentCalls.m_Calls.Array.data[0].m_Arguments.m_ObjectArgumentAssemblyTypeName
      value: UnityEngine.Object, UnityEngine
      objectReference: {fileID: 0}
    - target: {fileID: 3809254330556441515, guid: 834733676ff4e8448af825857faa1de4,
        type: 3}
      propertyPath: m_textInfo.characterCount
      value: 8
      objectReference: {fileID: 0}
    - target: {fileID: 3809254330556441515, guid: 834733676ff4e8448af825857faa1de4,
        type: 3}
      propertyPath: m_textInfo.spaceCount
      value: 1
      objectReference: {fileID: 0}
    - target: {fileID: 3809254330556441515, guid: 834733676ff4e8448af825857faa1de4,
        type: 3}
      propertyPath: m_textInfo.wordCount
      value: 2
      objectReference: {fileID: 0}
    - target: {fileID: 3809254330556441515, guid: 834733676ff4e8448af825857faa1de4,
        type: 3}
      propertyPath: m_textInfo.lineCount
      value: 1
      objectReference: {fileID: 0}
    - target: {fileID: 3809254330556441515, guid: 834733676ff4e8448af825857faa1de4,
        type: 3}
      propertyPath: m_textInfo.pageCount
      value: 1
      objectReference: {fileID: 0}
    - target: {fileID: 3809254330556441515, guid: 834733676ff4e8448af825857faa1de4,
        type: 3}
      propertyPath: m_fontSize
      value: 28.6
      objectReference: {fileID: 0}
    - target: {fileID: 3809254330556441515, guid: 834733676ff4e8448af825857faa1de4,
        type: 3}
      propertyPath: m_fontColor.r
      value: 0
      objectReference: {fileID: 0}
    - target: {fileID: 3809254330556441515, guid: 834733676ff4e8448af825857faa1de4,
        type: 3}
      propertyPath: m_fontColor.g
      value: 0
      objectReference: {fileID: 0}
    - target: {fileID: 3809254330556441515, guid: 834733676ff4e8448af825857faa1de4,
        type: 3}
      propertyPath: m_fontColor.b
      value: 0
      objectReference: {fileID: 0}
    - target: {fileID: 3809254330556441515, guid: 834733676ff4e8448af825857faa1de4,
        type: 3}
      propertyPath: m_fontColor32.rgba
      value: 4278190080
      objectReference: {fileID: 0}
    - target: {fileID: 6282466340977707030, guid: 834733676ff4e8448af825857faa1de4,
        type: 3}
      propertyPath: m_Name
      value: PREF_UI_Button
      objectReference: {fileID: 0}
    - target: {fileID: 7162477035587109337, guid: 834733676ff4e8448af825857faa1de4,
        type: 3}
      propertyPath: m_LocalPosition.x
      value: 0
      objectReference: {fileID: 0}
    - target: {fileID: 7162477035587109337, guid: 834733676ff4e8448af825857faa1de4,
        type: 3}
      propertyPath: m_LocalPosition.y
      value: 0
      objectReference: {fileID: 0}
    - target: {fileID: 7162477035587109337, guid: 834733676ff4e8448af825857faa1de4,
        type: 3}
      propertyPath: m_LocalPosition.z
      value: 0
      objectReference: {fileID: 0}
    - target: {fileID: 7162477035587109337, guid: 834733676ff4e8448af825857faa1de4,
        type: 3}
      propertyPath: m_LocalRotation.x
      value: 0
      objectReference: {fileID: 0}
    - target: {fileID: 7162477035587109337, guid: 834733676ff4e8448af825857faa1de4,
        type: 3}
      propertyPath: m_LocalRotation.y
      value: 0
      objectReference: {fileID: 0}
    - target: {fileID: 7162477035587109337, guid: 834733676ff4e8448af825857faa1de4,
        type: 3}
      propertyPath: m_LocalRotation.z
      value: 0
      objectReference: {fileID: 0}
    - target: {fileID: 7162477035587109337, guid: 834733676ff4e8448af825857faa1de4,
        type: 3}
      propertyPath: m_LocalRotation.w
      value: 1
      objectReference: {fileID: 0}
    - target: {fileID: 7162477035587109337, guid: 834733676ff4e8448af825857faa1de4,
        type: 3}
      propertyPath: m_RootOrder
      value: 1
      objectReference: {fileID: 0}
    - target: {fileID: 7162477035587109337, guid: 834733676ff4e8448af825857faa1de4,
        type: 3}
      propertyPath: m_LocalEulerAnglesHint.x
      value: 0
      objectReference: {fileID: 0}
    - target: {fileID: 7162477035587109337, guid: 834733676ff4e8448af825857faa1de4,
        type: 3}
      propertyPath: m_LocalEulerAnglesHint.y
      value: 0
      objectReference: {fileID: 0}
    - target: {fileID: 7162477035587109337, guid: 834733676ff4e8448af825857faa1de4,
        type: 3}
      propertyPath: m_LocalEulerAnglesHint.z
      value: 0
      objectReference: {fileID: 0}
    - target: {fileID: 7162477035587109337, guid: 834733676ff4e8448af825857faa1de4,
        type: 3}
      propertyPath: m_AnchoredPosition.x
      value: 0
      objectReference: {fileID: 0}
    - target: {fileID: 7162477035587109337, guid: 834733676ff4e8448af825857faa1de4,
        type: 3}
      propertyPath: m_AnchoredPosition.y
      value: 0
      objectReference: {fileID: 0}
    - target: {fileID: 7162477035587109337, guid: 834733676ff4e8448af825857faa1de4,
        type: 3}
      propertyPath: m_SizeDelta.x
      value: 0
      objectReference: {fileID: 0}
    - target: {fileID: 7162477035587109337, guid: 834733676ff4e8448af825857faa1de4,
        type: 3}
      propertyPath: m_SizeDelta.y
      value: 0
      objectReference: {fileID: 0}
    - target: {fileID: 7162477035587109337, guid: 834733676ff4e8448af825857faa1de4,
        type: 3}
      propertyPath: m_AnchorMin.x
      value: 0
      objectReference: {fileID: 0}
    - target: {fileID: 7162477035587109337, guid: 834733676ff4e8448af825857faa1de4,
        type: 3}
      propertyPath: m_AnchorMin.y
      value: 0
      objectReference: {fileID: 0}
    - target: {fileID: 7162477035587109337, guid: 834733676ff4e8448af825857faa1de4,
        type: 3}
      propertyPath: m_AnchorMax.x
      value: 1
      objectReference: {fileID: 0}
    - target: {fileID: 7162477035587109337, guid: 834733676ff4e8448af825857faa1de4,
        type: 3}
      propertyPath: m_AnchorMax.y
      value: 1
      objectReference: {fileID: 0}
    - target: {fileID: 7162477035587109337, guid: 834733676ff4e8448af825857faa1de4,
        type: 3}
      propertyPath: m_Pivot.x
      value: 0.5
      objectReference: {fileID: 0}
    - target: {fileID: 7162477035587109337, guid: 834733676ff4e8448af825857faa1de4,
        type: 3}
      propertyPath: m_Pivot.y
      value: 0.5
      objectReference: {fileID: 0}
    - target: {fileID: 7302655212369168293, guid: 834733676ff4e8448af825857faa1de4,
        type: 3}
      propertyPath: m_Sprite
      value: 
      objectReference: {fileID: 21300000, guid: 5be2b2d62a450294cbde6abe899d36aa,
        type: 3}
    - target: {fileID: 7302655212369168293, guid: 834733676ff4e8448af825857faa1de4,
        type: 3}
      propertyPath: m_Type
      value: 0
      objectReference: {fileID: 0}
    - target: {fileID: 7302655212369168293, guid: 834733676ff4e8448af825857faa1de4,
        type: 3}
      propertyPath: m_PreserveAspect
      value: 1
      objectReference: {fileID: 0}
    - target: {fileID: 7610714876330051176, guid: 834733676ff4e8448af825857faa1de4,
        type: 3}
      propertyPath: m_Sprite
      value: 
      objectReference: {fileID: 21300000, guid: 5be2b2d62a450294cbde6abe899d36aa,
        type: 3}
    - target: {fileID: 7610714876330051176, guid: 834733676ff4e8448af825857faa1de4,
        type: 3}
      propertyPath: m_Type
      value: 0
      objectReference: {fileID: 0}
    - target: {fileID: 8917499627059821097, guid: 834733676ff4e8448af825857faa1de4,
        type: 3}
      propertyPath: m_AnchoredPosition.y
      value: 0
      objectReference: {fileID: 0}
    - target: {fileID: 8917499627059821097, guid: 834733676ff4e8448af825857faa1de4,
        type: 3}
      propertyPath: m_SizeDelta.y
      value: -30
      objectReference: {fileID: 0}
    - target: {fileID: 8917499627059821097, guid: 834733676ff4e8448af825857faa1de4,
        type: 3}
      propertyPath: m_AnchoredPosition.x
      value: 0
      objectReference: {fileID: 0}
    - target: {fileID: 8917499627059821097, guid: 834733676ff4e8448af825857faa1de4,
        type: 3}
      propertyPath: m_SizeDelta.x
      value: -30
      objectReference: {fileID: 0}
    m_RemovedComponents: []
  m_SourcePrefab: {fileID: 100100000, guid: 834733676ff4e8448af825857faa1de4, type: 3}
--- !u!224 &7885763812776899999 stripped
RectTransform:
  m_CorrespondingSourceObject: {fileID: 7162477035587109337, guid: 834733676ff4e8448af825857faa1de4,
    type: 3}
  m_PrefabInstance: {fileID: 1011593038971171910}
  m_PrefabAsset: {fileID: 0}
--- !u!114 &4239248599349532653 stripped
MonoBehaviour:
  m_CorrespondingSourceObject: {fileID: 3809254330556441515, guid: 834733676ff4e8448af825857faa1de4,
    type: 3}
  m_PrefabInstance: {fileID: 1011593038971171910}
  m_PrefabAsset: {fileID: 0}
  m_GameObject: {fileID: 0}
  m_Enabled: 1
  m_EditorHideFlags: 0
  m_Script: {fileID: 11500000, guid: f4688fdb7df04437aeb418b961361dc5, type: 3}
  m_Name: 
  m_EditorClassIdentifier: 
--- !u!1001 &6327280761397228347
PrefabInstance:
  m_ObjectHideFlags: 0
  serializedVersion: 2
  m_Modification:
    m_TransformParent: {fileID: 10146549826938848}
    m_Modifications:
    - target: {fileID: 2770755782523590214, guid: 0c42ec844335d4744a405a8272052dda,
        type: 3}
      propertyPath: m_AnchorMin.y
      value: 0
      objectReference: {fileID: 0}
    - target: {fileID: 2770755782523590214, guid: 0c42ec844335d4744a405a8272052dda,
        type: 3}
      propertyPath: m_AnchorMax.y
      value: 0
      objectReference: {fileID: 0}
    - target: {fileID: 2770755782523590214, guid: 0c42ec844335d4744a405a8272052dda,
        type: 3}
      propertyPath: m_AnchoredPosition.x
      value: 0
      objectReference: {fileID: 0}
    - target: {fileID: 2770755782523590214, guid: 0c42ec844335d4744a405a8272052dda,
        type: 3}
      propertyPath: m_AnchoredPosition.y
      value: 0
      objectReference: {fileID: 0}
    - target: {fileID: 2770755782523590214, guid: 0c42ec844335d4744a405a8272052dda,
        type: 3}
      propertyPath: m_SizeDelta.x
      value: 0
      objectReference: {fileID: 0}
    - target: {fileID: 2770755782523590214, guid: 0c42ec844335d4744a405a8272052dda,
        type: 3}
      propertyPath: m_SizeDelta.y
      value: 0
      objectReference: {fileID: 0}
    - target: {fileID: 4886210142659647432, guid: 0c42ec844335d4744a405a8272052dda,
        type: 3}
      propertyPath: m_fontSize
      value: 53.7
      objectReference: {fileID: 0}
    - target: {fileID: 4886210142760780298, guid: 0c42ec844335d4744a405a8272052dda,
        type: 3}
      propertyPath: m_TooltipOrder
      value: -1
      objectReference: {fileID: 0}
    - target: {fileID: 4886210142760780300, guid: 0c42ec844335d4744a405a8272052dda,
        type: 3}
      propertyPath: m_Name
      value: PREF_UI_Card
      objectReference: {fileID: 0}
    - target: {fileID: 4886210142760780301, guid: 0c42ec844335d4744a405a8272052dda,
        type: 3}
      propertyPath: m_LocalPosition.x
      value: 0
      objectReference: {fileID: 0}
    - target: {fileID: 4886210142760780301, guid: 0c42ec844335d4744a405a8272052dda,
        type: 3}
      propertyPath: m_LocalPosition.y
      value: 0
      objectReference: {fileID: 0}
    - target: {fileID: 4886210142760780301, guid: 0c42ec844335d4744a405a8272052dda,
        type: 3}
      propertyPath: m_LocalPosition.z
      value: 0
      objectReference: {fileID: 0}
    - target: {fileID: 4886210142760780301, guid: 0c42ec844335d4744a405a8272052dda,
        type: 3}
      propertyPath: m_LocalRotation.x
      value: 0
      objectReference: {fileID: 0}
    - target: {fileID: 4886210142760780301, guid: 0c42ec844335d4744a405a8272052dda,
        type: 3}
      propertyPath: m_LocalRotation.y
      value: 0
      objectReference: {fileID: 0}
    - target: {fileID: 4886210142760780301, guid: 0c42ec844335d4744a405a8272052dda,
        type: 3}
      propertyPath: m_LocalRotation.z
      value: 0
      objectReference: {fileID: 0}
    - target: {fileID: 4886210142760780301, guid: 0c42ec844335d4744a405a8272052dda,
        type: 3}
      propertyPath: m_LocalRotation.w
      value: 1
      objectReference: {fileID: 0}
    - target: {fileID: 4886210142760780301, guid: 0c42ec844335d4744a405a8272052dda,
        type: 3}
      propertyPath: m_RootOrder
      value: 2
      objectReference: {fileID: 0}
    - target: {fileID: 4886210142760780301, guid: 0c42ec844335d4744a405a8272052dda,
        type: 3}
      propertyPath: m_LocalEulerAnglesHint.x
      value: 0
      objectReference: {fileID: 0}
    - target: {fileID: 4886210142760780301, guid: 0c42ec844335d4744a405a8272052dda,
        type: 3}
      propertyPath: m_LocalEulerAnglesHint.y
      value: 0
      objectReference: {fileID: 0}
    - target: {fileID: 4886210142760780301, guid: 0c42ec844335d4744a405a8272052dda,
        type: 3}
      propertyPath: m_LocalEulerAnglesHint.z
      value: 0
      objectReference: {fileID: 0}
    - target: {fileID: 4886210142760780301, guid: 0c42ec844335d4744a405a8272052dda,
        type: 3}
      propertyPath: m_AnchoredPosition.x
      value: 0
      objectReference: {fileID: 0}
    - target: {fileID: 4886210142760780301, guid: 0c42ec844335d4744a405a8272052dda,
        type: 3}
      propertyPath: m_AnchoredPosition.y
      value: -474.79932
      objectReference: {fileID: 0}
    - target: {fileID: 4886210142760780301, guid: 0c42ec844335d4744a405a8272052dda,
        type: 3}
      propertyPath: m_SizeDelta.x
      value: 0
      objectReference: {fileID: 0}
    - target: {fileID: 4886210142760780301, guid: 0c42ec844335d4744a405a8272052dda,
        type: 3}
      propertyPath: m_SizeDelta.y
      value: 408.6
      objectReference: {fileID: 0}
    - target: {fileID: 4886210142760780301, guid: 0c42ec844335d4744a405a8272052dda,
        type: 3}
      propertyPath: m_AnchorMin.x
      value: 0.5
      objectReference: {fileID: 0}
    - target: {fileID: 4886210142760780301, guid: 0c42ec844335d4744a405a8272052dda,
        type: 3}
      propertyPath: m_AnchorMin.y
      value: 0.5
      objectReference: {fileID: 0}
    - target: {fileID: 4886210142760780301, guid: 0c42ec844335d4744a405a8272052dda,
        type: 3}
      propertyPath: m_AnchorMax.x
      value: 0.5
      objectReference: {fileID: 0}
    - target: {fileID: 4886210142760780301, guid: 0c42ec844335d4744a405a8272052dda,
        type: 3}
      propertyPath: m_AnchorMax.y
      value: 0.5
      objectReference: {fileID: 0}
    - target: {fileID: 4886210142760780301, guid: 0c42ec844335d4744a405a8272052dda,
        type: 3}
      propertyPath: m_Pivot.x
      value: 0.5
      objectReference: {fileID: 0}
    - target: {fileID: 4886210142760780301, guid: 0c42ec844335d4744a405a8272052dda,
        type: 3}
      propertyPath: m_Pivot.y
      value: 0
      objectReference: {fileID: 0}
    - target: {fileID: 4886210142981437521, guid: 0c42ec844335d4744a405a8272052dda,
        type: 3}
      propertyPath: m_AnchorMin.y
      value: 0
      objectReference: {fileID: 0}
    - target: {fileID: 4886210142981437521, guid: 0c42ec844335d4744a405a8272052dda,
        type: 3}
      propertyPath: m_AnchorMax.y
      value: 0
      objectReference: {fileID: 0}
    - target: {fileID: 4886210142981437521, guid: 0c42ec844335d4744a405a8272052dda,
        type: 3}
      propertyPath: m_AnchoredPosition.x
      value: 0
      objectReference: {fileID: 0}
    - target: {fileID: 4886210142981437521, guid: 0c42ec844335d4744a405a8272052dda,
        type: 3}
      propertyPath: m_SizeDelta.x
      value: 0
      objectReference: {fileID: 0}
    - target: {fileID: 4886210142981437521, guid: 0c42ec844335d4744a405a8272052dda,
        type: 3}
      propertyPath: m_SizeDelta.y
      value: 0
      objectReference: {fileID: 0}
    - target: {fileID: 4886210142981437534, guid: 0c42ec844335d4744a405a8272052dda,
        type: 3}
      propertyPath: m_fontSize
      value: 21.8
      objectReference: {fileID: 0}
    - target: {fileID: 4886210144454307314, guid: 0c42ec844335d4744a405a8272052dda,
        type: 3}
      propertyPath: m_AnchorMin.y
      value: 0
      objectReference: {fileID: 0}
    - target: {fileID: 4886210144454307314, guid: 0c42ec844335d4744a405a8272052dda,
        type: 3}
      propertyPath: m_AnchorMax.y
      value: 0
      objectReference: {fileID: 0}
    - target: {fileID: 4886210144454307314, guid: 0c42ec844335d4744a405a8272052dda,
        type: 3}
      propertyPath: m_AnchoredPosition.x
      value: 0
      objectReference: {fileID: 0}
    - target: {fileID: 4886210144454307314, guid: 0c42ec844335d4744a405a8272052dda,
        type: 3}
      propertyPath: m_AnchoredPosition.y
      value: 0
      objectReference: {fileID: 0}
    - target: {fileID: 4886210144454307314, guid: 0c42ec844335d4744a405a8272052dda,
        type: 3}
      propertyPath: m_SizeDelta.x
      value: 0
      objectReference: {fileID: 0}
    - target: {fileID: 4886210144454307314, guid: 0c42ec844335d4744a405a8272052dda,
        type: 3}
      propertyPath: m_SizeDelta.y
      value: 0
      objectReference: {fileID: 0}
    - target: {fileID: 4886210144454307315, guid: 0c42ec844335d4744a405a8272052dda,
        type: 3}
      propertyPath: m_fontSize
      value: 12.35
      objectReference: {fileID: 0}
    - target: {fileID: 6339032768897084002, guid: 0c42ec844335d4744a405a8272052dda,
        type: 3}
      propertyPath: m_AnchorMin.y
      value: 0
      objectReference: {fileID: 0}
    - target: {fileID: 6339032768897084002, guid: 0c42ec844335d4744a405a8272052dda,
        type: 3}
      propertyPath: m_AnchorMax.y
      value: 0
      objectReference: {fileID: 0}
    - target: {fileID: 6339032768897084002, guid: 0c42ec844335d4744a405a8272052dda,
        type: 3}
      propertyPath: m_AnchoredPosition.x
      value: 0
      objectReference: {fileID: 0}
    - target: {fileID: 6339032768897084002, guid: 0c42ec844335d4744a405a8272052dda,
        type: 3}
      propertyPath: m_AnchoredPosition.y
      value: 0
      objectReference: {fileID: 0}
    - target: {fileID: 6339032768897084002, guid: 0c42ec844335d4744a405a8272052dda,
        type: 3}
      propertyPath: m_SizeDelta.x
      value: 0
      objectReference: {fileID: 0}
    - target: {fileID: 6339032768897084002, guid: 0c42ec844335d4744a405a8272052dda,
        type: 3}
      propertyPath: m_SizeDelta.y
      value: 0
      objectReference: {fileID: 0}
    m_RemovedComponents: []
  m_SourcePrefab: {fileID: 100100000, guid: 0c42ec844335d4744a405a8272052dda, type: 3}
--- !u!224 &1441233694786613558 stripped
RectTransform:
  m_CorrespondingSourceObject: {fileID: 4886210142760780301, guid: 0c42ec844335d4744a405a8272052dda,
    type: 3}
  m_PrefabInstance: {fileID: 6327280761397228347}
  m_PrefabAsset: {fileID: 0}
--- !u!114 &1441233694786613553 stripped
MonoBehaviour:
  m_CorrespondingSourceObject: {fileID: 4886210142760780298, guid: 0c42ec844335d4744a405a8272052dda,
    type: 3}
  m_PrefabInstance: {fileID: 6327280761397228347}
  m_PrefabAsset: {fileID: 0}
  m_GameObject: {fileID: 0}
  m_Enabled: 1
  m_EditorHideFlags: 0
  m_Script: {fileID: 11500000, guid: a2161b2f90954943998150ca5d601b70, type: 3}
  m_Name: 
  m_EditorClassIdentifier: 
--- !u!1001 &6559070294431517546
PrefabInstance:
  m_ObjectHideFlags: 0
  serializedVersion: 2
  m_Modification:
    m_TransformParent: {fileID: 10146549826938848}
    m_Modifications:
    - target: {fileID: 1407701603538535100, guid: bb969c3db6677be458a884768f0f180f,
        type: 3}
      propertyPath: m_LocalPosition.x
      value: 0
      objectReference: {fileID: 0}
    - target: {fileID: 1407701603538535100, guid: bb969c3db6677be458a884768f0f180f,
        type: 3}
      propertyPath: m_LocalPosition.y
      value: 0
      objectReference: {fileID: 0}
    - target: {fileID: 1407701603538535100, guid: bb969c3db6677be458a884768f0f180f,
        type: 3}
      propertyPath: m_LocalPosition.z
      value: 0
      objectReference: {fileID: 0}
    - target: {fileID: 1407701603538535100, guid: bb969c3db6677be458a884768f0f180f,
        type: 3}
      propertyPath: m_LocalRotation.x
      value: 0
      objectReference: {fileID: 0}
    - target: {fileID: 1407701603538535100, guid: bb969c3db6677be458a884768f0f180f,
        type: 3}
      propertyPath: m_LocalRotation.y
      value: 0
      objectReference: {fileID: 0}
    - target: {fileID: 1407701603538535100, guid: bb969c3db6677be458a884768f0f180f,
        type: 3}
      propertyPath: m_LocalRotation.z
      value: 0
      objectReference: {fileID: 0}
    - target: {fileID: 1407701603538535100, guid: bb969c3db6677be458a884768f0f180f,
        type: 3}
      propertyPath: m_LocalRotation.w
      value: 1
      objectReference: {fileID: 0}
    - target: {fileID: 1407701603538535100, guid: bb969c3db6677be458a884768f0f180f,
        type: 3}
      propertyPath: m_RootOrder
      value: 3
      objectReference: {fileID: 0}
    - target: {fileID: 1407701603538535100, guid: bb969c3db6677be458a884768f0f180f,
        type: 3}
      propertyPath: m_LocalEulerAnglesHint.x
      value: 0
      objectReference: {fileID: 0}
    - target: {fileID: 1407701603538535100, guid: bb969c3db6677be458a884768f0f180f,
        type: 3}
      propertyPath: m_LocalEulerAnglesHint.y
      value: 0
      objectReference: {fileID: 0}
    - target: {fileID: 1407701603538535100, guid: bb969c3db6677be458a884768f0f180f,
        type: 3}
      propertyPath: m_LocalEulerAnglesHint.z
      value: 0
      objectReference: {fileID: 0}
    - target: {fileID: 1407701603538535100, guid: bb969c3db6677be458a884768f0f180f,
        type: 3}
      propertyPath: m_AnchoredPosition.x
      value: 0
      objectReference: {fileID: 0}
    - target: {fileID: 1407701603538535100, guid: bb969c3db6677be458a884768f0f180f,
        type: 3}
      propertyPath: m_AnchoredPosition.y
      value: 0
      objectReference: {fileID: 0}
    - target: {fileID: 1407701603538535100, guid: bb969c3db6677be458a884768f0f180f,
        type: 3}
      propertyPath: m_SizeDelta.x
      value: 0
      objectReference: {fileID: 0}
    - target: {fileID: 1407701603538535100, guid: bb969c3db6677be458a884768f0f180f,
        type: 3}
      propertyPath: m_SizeDelta.y
      value: 0
      objectReference: {fileID: 0}
    - target: {fileID: 1407701603538535100, guid: bb969c3db6677be458a884768f0f180f,
        type: 3}
      propertyPath: m_AnchorMin.x
      value: 0
      objectReference: {fileID: 0}
    - target: {fileID: 1407701603538535100, guid: bb969c3db6677be458a884768f0f180f,
        type: 3}
      propertyPath: m_AnchorMin.y
      value: 0
      objectReference: {fileID: 0}
    - target: {fileID: 1407701603538535100, guid: bb969c3db6677be458a884768f0f180f,
        type: 3}
      propertyPath: m_AnchorMax.x
      value: 0
      objectReference: {fileID: 0}
    - target: {fileID: 1407701603538535100, guid: bb969c3db6677be458a884768f0f180f,
        type: 3}
      propertyPath: m_AnchorMax.y
      value: 0
      objectReference: {fileID: 0}
    - target: {fileID: 1407701603538535100, guid: bb969c3db6677be458a884768f0f180f,
        type: 3}
      propertyPath: m_Pivot.x
      value: 0
      objectReference: {fileID: 0}
    - target: {fileID: 1407701603538535100, guid: bb969c3db6677be458a884768f0f180f,
        type: 3}
      propertyPath: m_Pivot.y
      value: 0
      objectReference: {fileID: 0}
    - target: {fileID: 1501458865541648441, guid: bb969c3db6677be458a884768f0f180f,
        type: 3}
      propertyPath: m_AnchorMin.y
      value: 0
      objectReference: {fileID: 0}
    - target: {fileID: 1501458865541648441, guid: bb969c3db6677be458a884768f0f180f,
        type: 3}
      propertyPath: m_AnchorMax.y
      value: 0
      objectReference: {fileID: 0}
    - target: {fileID: 1501458865541648441, guid: bb969c3db6677be458a884768f0f180f,
        type: 3}
      propertyPath: m_AnchoredPosition.x
      value: 0
      objectReference: {fileID: 0}
    - target: {fileID: 1501458865541648441, guid: bb969c3db6677be458a884768f0f180f,
        type: 3}
      propertyPath: m_AnchoredPosition.y
      value: 0
      objectReference: {fileID: 0}
    - target: {fileID: 1602663905737121533, guid: bb969c3db6677be458a884768f0f180f,
        type: 3}
      propertyPath: m_fontColor.g
      value: 0.2901961
      objectReference: {fileID: 0}
    - target: {fileID: 1602663905737121533, guid: bb969c3db6677be458a884768f0f180f,
        type: 3}
      propertyPath: m_fontColor.b
      value: 0.34901962
      objectReference: {fileID: 0}
    - target: {fileID: 2231178252216986235, guid: bb969c3db6677be458a884768f0f180f,
        type: 3}
      propertyPath: m_AnchorMin.y
      value: 0
      objectReference: {fileID: 0}
    - target: {fileID: 2231178252216986235, guid: bb969c3db6677be458a884768f0f180f,
        type: 3}
      propertyPath: m_AnchorMax.y
      value: 0
      objectReference: {fileID: 0}
    - target: {fileID: 2231178252216986235, guid: bb969c3db6677be458a884768f0f180f,
        type: 3}
      propertyPath: m_AnchoredPosition.x
      value: 0
      objectReference: {fileID: 0}
    - target: {fileID: 2231178252216986235, guid: bb969c3db6677be458a884768f0f180f,
        type: 3}
      propertyPath: m_AnchoredPosition.y
      value: 0
      objectReference: {fileID: 0}
    - target: {fileID: 3320617321694678302, guid: bb969c3db6677be458a884768f0f180f,
        type: 3}
      propertyPath: m_AnchorMin.y
      value: 0
      objectReference: {fileID: 0}
    - target: {fileID: 3320617321694678302, guid: bb969c3db6677be458a884768f0f180f,
        type: 3}
      propertyPath: m_AnchorMax.y
      value: 0
      objectReference: {fileID: 0}
    - target: {fileID: 3320617321694678302, guid: bb969c3db6677be458a884768f0f180f,
        type: 3}
      propertyPath: m_AnchoredPosition.x
      value: 0
      objectReference: {fileID: 0}
    - target: {fileID: 3320617321694678302, guid: bb969c3db6677be458a884768f0f180f,
        type: 3}
      propertyPath: m_AnchoredPosition.y
      value: 0
      objectReference: {fileID: 0}
    - target: {fileID: 3548614352427720957, guid: bb969c3db6677be458a884768f0f180f,
        type: 3}
      propertyPath: m_Name
      value: PREF_UI_View_SentinelReward
      objectReference: {fileID: 0}
    - target: {fileID: 3762750025451502743, guid: bb969c3db6677be458a884768f0f180f,
        type: 3}
      propertyPath: m_AnchorMin.y
      value: 0
      objectReference: {fileID: 0}
    - target: {fileID: 3762750025451502743, guid: bb969c3db6677be458a884768f0f180f,
        type: 3}
      propertyPath: m_AnchorMax.y
      value: 0
      objectReference: {fileID: 0}
    - target: {fileID: 3762750025451502743, guid: bb969c3db6677be458a884768f0f180f,
        type: 3}
      propertyPath: m_AnchoredPosition.x
      value: 0
      objectReference: {fileID: 0}
    - target: {fileID: 3762750025451502743, guid: bb969c3db6677be458a884768f0f180f,
        type: 3}
      propertyPath: m_AnchoredPosition.y
      value: 0
      objectReference: {fileID: 0}
    - target: {fileID: 4370194203674839715, guid: bb969c3db6677be458a884768f0f180f,
        type: 3}
      propertyPath: m_AnchorMin.y
      value: 0
      objectReference: {fileID: 0}
    - target: {fileID: 4370194203674839715, guid: bb969c3db6677be458a884768f0f180f,
        type: 3}
      propertyPath: m_AnchorMax.y
      value: 0
      objectReference: {fileID: 0}
    - target: {fileID: 4370194203674839715, guid: bb969c3db6677be458a884768f0f180f,
        type: 3}
      propertyPath: m_AnchoredPosition.x
      value: 0
      objectReference: {fileID: 0}
    - target: {fileID: 4370194203674839715, guid: bb969c3db6677be458a884768f0f180f,
        type: 3}
      propertyPath: m_AnchoredPosition.y
      value: 0
      objectReference: {fileID: 0}
    m_RemovedComponents: []
  m_SourcePrefab: {fileID: 100100000, guid: bb969c3db6677be458a884768f0f180f, type: 3}
--- !u!224 &5228492834528676310 stripped
RectTransform:
  m_CorrespondingSourceObject: {fileID: 1407701603538535100, guid: bb969c3db6677be458a884768f0f180f,
    type: 3}
  m_PrefabInstance: {fileID: 6559070294431517546}
  m_PrefabAsset: {fileID: 0}
--- !u!114 &6708766252908124307 stripped
MonoBehaviour:
  m_CorrespondingSourceObject: {fileID: 440276284252083193, guid: bb969c3db6677be458a884768f0f180f,
    type: 3}
  m_PrefabInstance: {fileID: 6559070294431517546}
  m_PrefabAsset: {fileID: 0}
  m_GameObject: {fileID: 0}
  m_Enabled: 1
  m_EditorHideFlags: 0
  m_Script: {fileID: 11500000, guid: 0c8faf2acd5e8fc45b01939f19f1529e, type: 3}
  m_Name: 
  m_EditorClassIdentifier: 
--- !u!1001 &6873094003423420617
PrefabInstance:
  m_ObjectHideFlags: 0
  serializedVersion: 2
  m_Modification:
    m_TransformParent: {fileID: 10146549826938848}
    m_Modifications:
    - target: {fileID: 6762569065967067313, guid: 861671b022d522b4bb51bbfb8cc0422e,
        type: 3}
      propertyPath: m_Name
      value: PREF_UI_View_PotionReward
      objectReference: {fileID: 0}
    - target: {fileID: 7992803278200987880, guid: 861671b022d522b4bb51bbfb8cc0422e,
        type: 3}
      propertyPath: m_LocalPosition.x
      value: 0
      objectReference: {fileID: 0}
    - target: {fileID: 7992803278200987880, guid: 861671b022d522b4bb51bbfb8cc0422e,
        type: 3}
      propertyPath: m_LocalPosition.y
      value: 0
      objectReference: {fileID: 0}
    - target: {fileID: 7992803278200987880, guid: 861671b022d522b4bb51bbfb8cc0422e,
        type: 3}
      propertyPath: m_LocalPosition.z
      value: 0
      objectReference: {fileID: 0}
    - target: {fileID: 7992803278200987880, guid: 861671b022d522b4bb51bbfb8cc0422e,
        type: 3}
      propertyPath: m_LocalRotation.x
      value: 0
      objectReference: {fileID: 0}
    - target: {fileID: 7992803278200987880, guid: 861671b022d522b4bb51bbfb8cc0422e,
        type: 3}
      propertyPath: m_LocalRotation.y
      value: 0
      objectReference: {fileID: 0}
    - target: {fileID: 7992803278200987880, guid: 861671b022d522b4bb51bbfb8cc0422e,
        type: 3}
      propertyPath: m_LocalRotation.z
      value: 0
      objectReference: {fileID: 0}
    - target: {fileID: 7992803278200987880, guid: 861671b022d522b4bb51bbfb8cc0422e,
        type: 3}
      propertyPath: m_LocalRotation.w
      value: 1
      objectReference: {fileID: 0}
    - target: {fileID: 7992803278200987880, guid: 861671b022d522b4bb51bbfb8cc0422e,
        type: 3}
      propertyPath: m_RootOrder
      value: 4
      objectReference: {fileID: 0}
    - target: {fileID: 7992803278200987880, guid: 861671b022d522b4bb51bbfb8cc0422e,
        type: 3}
      propertyPath: m_LocalEulerAnglesHint.x
      value: 0
      objectReference: {fileID: 0}
    - target: {fileID: 7992803278200987880, guid: 861671b022d522b4bb51bbfb8cc0422e,
        type: 3}
      propertyPath: m_LocalEulerAnglesHint.y
      value: 0
      objectReference: {fileID: 0}
    - target: {fileID: 7992803278200987880, guid: 861671b022d522b4bb51bbfb8cc0422e,
        type: 3}
      propertyPath: m_LocalEulerAnglesHint.z
      value: 0
      objectReference: {fileID: 0}
    - target: {fileID: 7992803278200987880, guid: 861671b022d522b4bb51bbfb8cc0422e,
        type: 3}
      propertyPath: m_AnchoredPosition.x
      value: 0
      objectReference: {fileID: 0}
    - target: {fileID: 7992803278200987880, guid: 861671b022d522b4bb51bbfb8cc0422e,
        type: 3}
      propertyPath: m_AnchoredPosition.y
      value: -270
      objectReference: {fileID: 0}
    - target: {fileID: 7992803278200987880, guid: 861671b022d522b4bb51bbfb8cc0422e,
        type: 3}
      propertyPath: m_SizeDelta.x
      value: 283.2
      objectReference: {fileID: 0}
    - target: {fileID: 7992803278200987880, guid: 861671b022d522b4bb51bbfb8cc0422e,
        type: 3}
      propertyPath: m_SizeDelta.y
      value: 409.6
      objectReference: {fileID: 0}
    - target: {fileID: 7992803278200987880, guid: 861671b022d522b4bb51bbfb8cc0422e,
        type: 3}
      propertyPath: m_AnchorMin.x
      value: 0.5
      objectReference: {fileID: 0}
    - target: {fileID: 7992803278200987880, guid: 861671b022d522b4bb51bbfb8cc0422e,
        type: 3}
      propertyPath: m_AnchorMin.y
      value: 0.5
      objectReference: {fileID: 0}
    - target: {fileID: 7992803278200987880, guid: 861671b022d522b4bb51bbfb8cc0422e,
        type: 3}
      propertyPath: m_AnchorMax.x
      value: 0.5
      objectReference: {fileID: 0}
    - target: {fileID: 7992803278200987880, guid: 861671b022d522b4bb51bbfb8cc0422e,
        type: 3}
      propertyPath: m_AnchorMax.y
      value: 0.5
      objectReference: {fileID: 0}
    - target: {fileID: 7992803278200987880, guid: 861671b022d522b4bb51bbfb8cc0422e,
        type: 3}
      propertyPath: m_Pivot.x
      value: 0.5
      objectReference: {fileID: 0}
    - target: {fileID: 7992803278200987880, guid: 861671b022d522b4bb51bbfb8cc0422e,
        type: 3}
      propertyPath: m_Pivot.y
      value: 0.5
      objectReference: {fileID: 0}
    m_RemovedComponents: []
  m_SourcePrefab: {fileID: 100100000, guid: 861671b022d522b4bb51bbfb8cc0422e, type: 3}
--- !u!1 &196850140188278904 stripped
GameObject:
  m_CorrespondingSourceObject: {fileID: 6762569065967067313, guid: 861671b022d522b4bb51bbfb8cc0422e,
    type: 3}
  m_PrefabInstance: {fileID: 6873094003423420617}
  m_PrefabAsset: {fileID: 0}
--- !u!224 &3570798905007587361 stripped
RectTransform:
  m_CorrespondingSourceObject: {fileID: 7992803278200987880, guid: 861671b022d522b4bb51bbfb8cc0422e,
    type: 3}
  m_PrefabInstance: {fileID: 6873094003423420617}
  m_PrefabAsset: {fileID: 0}
